% eprint/preprint blockchain bibliography

% \usepackage{url}
% Add this to your main .tex file
% so that URLs with special chars
% are handled correclty in misc 
% entries using work arounds like
%  howhpublished= 
%  note=`


% < 2008

@misc{dai1998bmoney,
  title         = {bmoney},
  author        = {Dai, Wei},
  year          = {1998},
  howpublished  = {\url{http://www.weidai.com/bmoney.txt}},
  note 			= {Accessed: 2016-04-31},
  url			= {http://www.weidai.com/bmoney.txt}
}

@misc{back2002hashcash,
  title         = {Hashcash-a denial of service counter-measure},
  author        = {Back, Adam and others},
  year          = {2002},
  howpublished  = {\url{http://www.hashcash.org/papers/hashcash.pdf}},
  note 			= {Accessed: 2016-03-09},
  url			= {http://www.hashcash.org/papers/hashcash.pdf}
}

% url			= {http://archive.is/i0OYc}
@misc{szabo2003advances,
  title         = {Advances in Distributed Security},
  author        = {Szabo, Nick},
  year          = {2003},
  howpublished  = {\url{http://szabo.best.vwh.net/distributed.html}},
  note 			= {Accessed: 2016-04-31},
}

@misc{finney2004rpow,
  title         = {Reusable Proofs of Work (RPOW)},
  author        = {Finney, Hal},
  year          = {2004},
  howpublished  = {\url{http://web.archive.org/web/20071222072154/http://rpow.net/}},
  note 			= {Accessed: 2016-04-31},
  url			= {http://web.archive.org/web/20071222072154/http://rpow.net/}
}

@misc{szabo2005bitgold,
  title         = {Bit gold},
  author        = {Szabo, Nick},
  year          = {2005},
  howpublished  = {\url{http://unenumerated.blogspot.co.at/2005/12/bit-gold.html}},
  note 			= {Accessed: 2016-04-31},
  url			= {http://unenumerated.blogspot.co.at/2005/12/bit-gold.html}
}


% 2008

@misc{nakamoto2008bitcoin,
  author        = {Nakamoto, Satoshi},
  title         = {Bitcoin: A Peer-to-Peer Electronic Cash System},
  year          = {2008},
  month	        = {Dec},
  howpublished  = {\url{https://bitcoin.org/bitcoin.pdf}},
  note          = {Accessed: 2015-07-01},
  url			= {https://bitcoin.org/bitcoin.pdf}
}

% 2009

@misc{percival2009scrypt,
  title			= {Stronger key derivation via sequential memory-hard functions},
  author		= {Percival, Colin},
  year			= {2009},
  howpublished  = {\url{http://www.bsdcan.org/2009/schedule/attachments/87_scrypt.pdf}},
  note			= {Accessed: 2016-03-09},
  url 			= {http://www.bsdcan.org/2009/schedule/attachments/87_scrypt.pdf}
}

@phdthesis{golze2009fairness,
  title			= {Fairness in \"{U}berlastsituationen mittels Proof-of-Work-Funktionen.},
  author		= {Golze, Sebastian},
  year			= {2009},
  school		= {Berlin Institute of Technology},
  howpublished	= {\url{https://depositonce.tu-berlin.de/bitstream/11303/2499/2/Dokument_41.pdf}},
  note			= {Accessed: 2016-03-09},
  url 			= {https://depositonce.tu-berlin.de/bitstream/11303/2499/2/Dokument_41.pdf}
}

% 2010
% 2011

@misc{schwarz2011zooko,
  author        = {Aaron Schwarz},
  title         = {{Squaring the Triangle: Secure, Decentralized, Human-Readable Names}},
  year          = {2011},
  month         = {Jan},
  howpublished  = {\url{http://www.aaronsw.com/weblog/squarezooko}},
  note          = {Accessed 2014-11-14},
  url           = {http://www.aaronsw.com/weblog/squarezooko}
}

@misc{laurie2011decentralised,
  title         = {Decentralised currencies are probably impossible (but let's at least make them efficient)},
  author        = {Laurie, Ben},
  year          = {2011},
  howpublished  = {\url{http://w.fipr.org/files/decentralised-currencies.pdf}},
  note          = {Accessed 2016-09-02},
  url           = {http://w.fipr.org/files/decentralised-currencies.pdf}
}

@article{rosenfeld2011analysis,
  title         = {Analysis of Bitcoin pooled mining reward systems},
  author        = {Rosenfeld, Meni},
  journal       = {arXiv preprint arXiv:1112.4980},
  year          = {2011},
  note          = {Accessed 2017-11-24},
  url           = {https://arxiv.org/pdf/1112.4980.pdf}
}

% 2012

@misc{rosenfeld2012overview,
  title			= {Overview of colored coins},
  author		= {Rosenfeld, Meni},
  journal		= {White paper, bitcoil. co. il},
  year			= {2012},
  howpublished	= {\url{https://bitcoil.co.il/BitcoinX.pdf}},
  note			= {Accessed: 2016-03-09},
  url			= {https://bitcoil.co.il/BitcoinX.pdf}
}

@misc{ron2012quantitative,
  author 		= {D. Ron and A. Shamir},
  title 		= {Quantitative Analysis of the Full Bitcoin Transaction Graph},
  publisher 	= {Cryptology ePrint Archive, Report 2012/584},
  year 			= {2012},
  howpublished 	= {\url{https://eprint.iacr.org/2012/584.pdf}},
  note			= {Accessed: 2016-03-09},
  url			= {https://eprint.iacr.org/2012/584.pdf}
}

@misc{taylor2012bitmessage,
  author        = {M. B. Taylor},
  title         = {Bitmessage: A Peer-to-Peer Message Authentication and Delivery System},
  year          = {2012},
  month         = {nov},
  howpublished  = {\url{https://bitmessage.org/bitmessage.pdf}},
  note          = {Accessed: 2015-05-06},
  url           = {https://bitmessage.org/bitmessage.pdf}
}

@MastersThesis{herrmann2012implementation,
  title={Implementation, evaluation and detection of a doublespend-attack on Bitcoin},
  author={Herrmann, Matthias},
  year={2012},
  month={Apr},
  school={Master Thesis ETH Z{\"u}rich, 2012},
  url={http://e-collection.library.ethz.ch/eserv/eth:5606/eth-5606-01.pdf?pid=eth:5606&dsID=eth-5606-01.pdf}
}

% 2013

@misc{bahack2013theoretical,
  title         = {Theoretical Bitcoin Attacks with less than Half of the Computational Power},
  author        = {Bahack, Lear},
  year          = {2013},
  note          = {Accessed: 2017-11-23},
  url           = {https://arxiv.org/pdf/1312.7013.pdf}
}

@misc{sompolinsky2013accelerating,
  author 		= {Sompolinsky, Yonatan and Zohar, Aviv},
  title 		= {Accelerating Bitcoin's Transaction Processing. Fast Money Grows on Trees, Not Chains},
  journal 		= {IACR Cryptology ePrint Archive},
  year 			= {2013},
  pages 		= {881},
  url 			= {http://eprint.iacr.org/2013/881.pdf}
}

@misc{sun2014solving,
  title         = {Solving Byzantine Problems in Synchronized Systems using Bitcoin},
  author        = {Sun, Felix and Duan, Peitong},
  year          = {2014},
  howpublished  = {\url{http://web.mit.edu/felixsun/www/projects/bitcoin.pdf}},
  note          = {Accessed: 2016-09-02},
  url           = {http://web.mit.edu/felixsun/www/projects/bitcoin.pdf}
}

@misc{courtois2013unreasonable,
  title={The unreasonable fundamental incertitudes behind bitcoin mining},
  author={Courtois, Nicolas T and Grajek, Marek and Naik, Rahul},
  howpublished={arXiv preprint arXiv:1310.7935},
  year={2013},
  note          = {Accessed: 2017-07-04},
  url={https://arxiv.org/pdf/1310.7935.pdf}
}

@phdthesis{naik2013optimising,
  title={Optimising the SHA256 Hashing Algorithm for Faster and More Efficient Bitcoin Mining},
  author={Naik, Rahul P and Courtois, Nicolas T},
  year={2013},
  month={Sep},
  school= {University College London},
  url={http://www.nicolascourtois.com/bitcoin/Optimising%20the%20SHA256%20Hashing%20Algorithm%20for%20Faster%20and%20More%20Efficient%20Bitcoin%20Mining_Rahul_Naik.pdf}
}

% 2014

@misc{rosenfeld2014doublespending,
  author        = {M. Rosenfeld},
  title         = {Analysis of Hashrate-Based Double Spending},
  journal       = {CoRR},
  volume        = {abs/1402.2009},
  year          = {2014},
  howpublished  = {\url{http://arxiv.org/abs/1402.2009}},
  note			= {Accessed: 2016-03-09},
  url			= {http://arxiv.org/abs/1402.2009.pdf}
}

%fromknecht2014certcoin
@article{fromknecht2014decentralized,
  title			= {A Decentralized Public Key Infrastructure with Identity Retention.},
  author		= {Fromknecht, Conner and Velicanu, Dragos and Yakoubov, Sophia},
  journal		= {IACR Cryptology ePrint Archive},
  volume		= {2014},
  pages			= {803},
  year			= {2014},
  url			= {https://eprint.iacr.org/2014/803.pdf}
}

%bentov2014withoutpow
@misc{bentov2014cryptocurrencies,
  title			= {Cryptocurrencies without proof of work},
  author		= {Bentov, Iddo and Gabizon, Ariel and Mizrahi, Alex},
  journal		= {arXiv preprint arXiv:1406.5694},
  year			= {2014},
  howpublished	= {\url{http://arxiv.org/pdf/1406.5694.pdf}},
  note			= {Accessed: 2016-03-09},
  url 			= {http://arxiv.org/pdf/1406.5694.pdf}
}

%laviola2014anonymous
@misc{miller2014anonymous,
  title			= {Anonymous byzantine consensus from moderately-hard puzzles: A model for bitcoin},
  author		= {Miller, A and LaViola JJ},
  year			= {2014},
  howpublished	= {\url{https://socrates1024.s3.amazonaws.com/consensus.pdf}},
  note			= {Accessed: 2016-03-09},
  url 			= {https://socrates1024.s3.amazonaws.com/consensus.pdf}
}

@misc{bruce2014miniblock,
  author        = {J. D. Bruce},
  title         = {The Mini-Blockchain Scheme (a.k.a Purely P2P Crypto-Currency With Finite   Mini-Blockchain)},
  year          = {2014},
  month         = {Jul},
  howpublished  = {\url{http://cryptonite.info/files/mbc-scheme-rev2.pdf}},
  note          = {Accessed: 2014-04-05},
  url           = {http://cryptonite.info/files/mbc-scheme-rev2.pdf}
}

@misc{jacobs2014namecoin,
  author        = {F. Jacobs},
  title         = {Providing better confidentiality and authentication on the Internet using  Namecoin and MinimaLT},
  year          = {2014},
  month         = {apr},
  howpublished  = {\url{https://raw.githubusercontent.com/FredericJacobs/safeweb/master/paper.pdf}},
  note          = {Accessed: 2014-04-02},
  url           = {https://raw.githubusercontent.com/FredericJacobs/safeweb/master/paper.pdf}
}

@misc{filecoin2014filecoin,
  author        = {Filecoin community},
  title         = {Filecoin: A Cryptocurrency Operated File Storage Network},
  organization  = {filecoin.io},
  year          = {2014},
  month         = {Oct},
  howpublished  = {\url{http://filecoin.io/filecoin.pdf}},
  note          = {Accessed: 2014-10-14},
  url           = {http://filecoin.io/filecoin.pdf}
}

@misc{back2014enabling,
  title         = {Enabling blockchain innovations with pegged sidechains},
  author        = {Back, Adam and Corallo, Matt and Dashjr, Luke and Friedenbach, Mark and Maxwell, Gregory and Miller, Andrew and Poelstra, Andrew and Tim{\'o}n, Jorge and Wuille, Pieter},
  year          = {2014},
  howpublished  = {\url{http://newspaper23.com/ripped/2014/11/http-_____-___-_www___-blockstream___-com__-_sidechains.pdf}},
  note          = {Accessed: 2016-07-05},
  url           = {http://newspaper23.com/ripped/2014/11/http-_____-___-_www___-blockstream___-com__-_sidechains.pdf}
}

@misc{beukema2014formalising,
  title         = {Formalising the Bitcoin protocol},
  author        = {Beukema, WJB},
  year          = {2014},
  howpublished  = {\url{http://referaat.cs.utwente.nl/conference/21/paper/7450/formalising-the-bitcoin-protocol.pdf}},
  note          = {Accessed: 2016-08-01},
  url           = {http://referaat.cs.utwente.nl/conference/21/paper/7450/formalising-the-bitcoin-protocol.pdf}
}

@misc{schwartz2014ripple,
  title         = {The Ripple protocol consensus algorithm},
  author        = {Schwartz, David and Youngs, Noah and Britto, Arthur},
  journal       = {Ripple Labs Inc White Paper},
  year          = {2014},
  howpublished  = {\url{https://ripple.com/files/ripple_consensus_whitepaper.pdf}},
  note          = {Accessed: 2016-08-08},
  url           = {https://ripple.com/files/ripple_consensus_whitepaper.pdf}
}

@misc{buterin2014ethereum,
  title         = {Ethereum: A next-generation smart contract and decentralized application platform},
  author        = {Buterin, Vitalik},
  year          = {2014},
  howpublished  = {\url{https://github.com/ethereum/wiki/wiki/White-Paper}},
  note          = {Accessed: 2016-08-22},
  url           = {https://github.com/ethereum/wiki/wiki/White-Paper}
}

@misc{wood2014ethereum,
  title         = {Ethereum: A secure decentralised generalised transaction ledger EIP-150 REVISION (759dccd - 2017-08-07)},
  author        = {Wood, Gavin},
  journal       = {Ethereum Project Yellow Paper},
  year          = {2017},
  note          = {Accessed: 2018-01-03},
  url           = {https://ethereum.github.io/yellowpaper/paper.pdf}
}

@misc{shomer2014phase,
  title		= {On the Phase Space of Block-Hiding Strategies in Bitcoin-like networks},
  author	= {Shomer, Assaf},
  journal	= {arXiv preprint arXiv:1402.4233},
  year		= {2014},
  month		= {Feb},
  howpublished  = {\url{https://arxiv.org/pdf/1402.4233v1.pdf}},
  note		= {Accessed: 2016-10-17},
  url		= {https://arxiv.org/pdf/1402.4233v1.pdf}

}

@misc{katz2014pseudonymous,
    author = {Jonathan Katz and Andrew Miller and Elaine Shi},
    title = {Pseudonymous Broadcast and Secure Computation from Cryptographic Puzzles},
    howpublished = {Cryptology ePrint Archive, Report 2014/857},
    year = {2014},
    note = {\url{http://eprint.iacr.org/2014/857}},
    url={http://eprint.iacr.org/2014/857.pdf}
}

@misc{courtois2014subversive,
  title={On subversive miner strategies and block withholding attack in bitcoin digital currency},
  author={Courtois, Nicolas T and Bahack, Lear},
  howpublished={arXiv preprint arXiv:1402.1718},
  year={2014},
  note		= {Accessed: 2016-07-04},
  url={https://arxiv.org/pdf/1402.1718.pdf}
}

@misc{courtois2014longest,
  title={On the longest chain rule and programmed self-destruction of crypto currencies},
  author={Courtois, Nicolas T},
  howpublished={arXiv preprint arXiv:1405.0534},
  year={2014},
  note		= {Accessed: 2016-07-04},
  url={https://arxiv.org/pdf/1405.0534.pdf}
}

@article{o2014bitcoin,
  title={Bitcoin mining and its energy footprint},
  author={O'Dwyer, Karl J and Malone, David},
  year={2014},
  publisher={IET},
  url= {http://karlodwyer.com/publications/pdf/bitcoin_KJOD_2014.pdf}
}


% 2015

@misc{miller2015topology,
  title         = {Discovering bitcoin's public topology and influential nodes},
  author        = {Miller, Andrew and Litton, James and Pachulski, Andrew and Gupta, Neal and Levin, Dave and Spring, Neil and Bhattacharjee, Bobby},
  year          = {2015},
  month         = {May},
  howpublished  = {\url{http://cs.umd.edu/projects/coinscope/coinscope.pdf}},
  note			= {Accsessed: 2016-03-09},
  url 			= {http://cs.umd.edu/projects/coinscope/coinscope.pdf}
}

@misc{bonneau2015random,
  title         = {On Bitcoin as a public randomness source},
  author        = {Bonneau, Joseph and Clark, Jeremy and Goldfeder, Steven},
  year			= {2015},
  howpublished  = {\url{https://eprint.iacr.org/2015/1015.pdf}},
  note          = {Accessed: 2015-10-25},
  url 		  	= {https://eprint.iacr.org/2015/1015.pdf}
}

@misc{goldfeder2015threshold,
  author      	= {Steven Goldfeder and Rosario Gennaro and Harry Kalodner and Joseph Bonneau and Joshua Kroll and Edward W. Felten and Arvind Narayanan},
  title       	= {{Securing Bitcoin wallets via a new DSA/ECDSA threshold signature scheme}},
  year        	= {2015},
  howpublished	= {\url{http://www.cs.princeton.edu/~stevenag/threshold_sigs.pdf}},
  note        	= {Accessed: 2015-07-13},
  url 		  	= {http://www.cs.princeton.edu/~stevenag/threshold_sigs.pdf}
}

@misc{gobel2015simulation,
  title		  	= {Bitcoin Blockchain Dynamics: the Selfish-Mine Strategy in the Presence of Propagation Delay},
  author	  	= {G{\"o}bel, Johannes and Keeler, Paul and Krzesinski, Anthony E and Taylor, Peter G},
  journal	  	= {arXiv preprint arXiv:1505.05343},
  year		  	= {2015},
  howpublished	= {\url{http://arxiv.org/pdf/1505.05343.pdf}},
  note			= {Accessed: 2015-03-01},
  url 			= {http://arxiv.org/pdf/1505.05343.pdf}
}

@misc{chaudhary2015modeling,
  title         = {Modeling and verification of the bitcoin protocol},
  author        = {Chaudhary, Kaylash and Fehnker, Ansgar and van de Pol, Jaco and Stoelinga, Marielle},
  journal       = {arXiv preprint arXiv:1511.04173},
  year          = {2015},
  howpublished	= {\url{http://arxiv.org/pdf/1511.04173.pdf}},
  note			= {Accessed: 2016-08-01},
  url 			= {http://arxiv.org/pdf/1511.04173.pdf}
}

@misc{mazieres2015modeling,
  title         = {The Stellar Consensus Protocol: A Federated Model for Internet-level Consensus},
  author        = {Mazieres, David},
  year          = {2015},
  howpublished	= {\url{https://www.stellar.org/papers/stellar-consensus-protocol.pdf}},
  note			= {Accessed: 2016-08-01},
  url 			= {https://www.stellar.org/papers/stellar-consensus-protocol.pdf}
}

@misc{luu2015scp,
  title         = {SCP: a computationally-scalable Byzantine consensus protocol for blockchains},
  author        = {Luu, Loi and Narayanan, Viswesh and Baweja, Kunal and Zheng, Chaodong and Gilbert, Seth and Saxena, Prateek},
  year          = {2015},
  howpublished  = {\url{https://www.weusecoins.com/assets/pdf/library/SCP -  A Computationally-Scalable Byzantine.pdf}},  
  note          = {Accessed: 2016-08-10},
  url           = {https://www.weusecoins.com/assets/pdf/library/SCP - +A Computationally-Scalable Byzantine.pdf}
}

@misc{delmolino2015step,
  title         = {Step by Step Towards Creating a Safe Smart Contract: Lessons and Insights from a Cryptocurrency Lab.},
  author        = {Delmolino, Kevin and Arnett, Mitchell and Kosba, Ahmed E and Miller, Andrew and Shi, Elaine},
  journal       = {IACR Cryptology ePrint Archive},
  year          = {2015},
  howpublished  = {\url{http://eprint.iacr.org/2015/460.pdf}},  
  note          = {Accessed: 2016-08-10},
  url           = {http://eprint.iacr.org/2015/460.pdf}
}

@misc{sapirshtein2015optimal,
  title         = {Optimal selfish mining strategies in Bitcoin},
  author        = {Sapirshtein, Ayelet and Sompolinsky, Yonatan and Zohar, Aviv},
  journal       = {arXiv preprint arXiv:1507.06183},
  year          = {2015},
  howpublished  = {\url{http://arxiv.org/pdf/1507.06183.pdf}},
  note          = {Accessed: 2016-08-22},
  url 			= {http://arxiv.org/pdf/1507.06183.pdf}
}

@misc{kiayias2015speed,
  title		={Speed-Security Tradeoff s in Blockchain Protocols},
  author	={Kiayias, Aggelos and Panagiotakos, Giorgos},
  year		={2015},
  month		={Oct},
  howpublished  = {\url{https://eprint.iacr.org/2015/1019.pdf}},
  note          = {Accessed: 2016-10-17},
  url={https://eprint.iacr.org/2015/1019.pdf}
}

@misc{andrychowicz2015multiparty,
  title={Multiparty Computation Protocols Based on Cryptocurrencies},
  author={Andrychowicz, Marcin},
  year={2015},
  howpublished={\url{https://depotuw.ceon.pl/bitstream/handle/item/1327/dis.pdf}},
  note = {Accessed: 2017-02-15},
  url={https://depotuw.ceon.pl/bitstream/handle/item/1327/dis.pdf}
}

@misc{mazieres2015stellar,
  title={The stellar consensus protocol: A federated model for internet-level consensus},
  author={Mazieres, David},
  year={2015},
  howpublished={\url{http://citeseerx.ist.psu.edu/viewdoc/download?doi=10.1.1.696.93&amp=&rep=rep1&amp=&type=pdf}},
  note = {Accessed: 2017-02-20},
  url={http://citeseerx.ist.psu.edu/viewdoc/download?doi=10.1.1.696.93&amp=&rep=rep1&amp=&type=pdf}

}

@misc{park2015spacemint,
    author = {Sunoo Park and Krzysztof Pietrzak and Albert Kwon and Jo{\"e}l Alwen and Georg Fuchsbauer and Peter Ga{\v z}i},
    title = {SpaceMint: A Cryptocurrency Based on Proofs of Space},
    howpublished = {Cryptology ePrint Archive, Report 2015/528},
    year = {2015},
    note = {Accessed: 2017-06-29},
    url={https://eprint.iacr.org/2015/528.pdf}
}

@misc{zyskind2015enigma,
  title={Enigma: Decentralized computation platform with guaranteed privacy},
  author={Zyskind, Guy and Nathan, Oz and Pentland, Alex},
  howpublished={arXiv preprint arXiv:1506.03471},
  year={2015},
    note = {Accessed: 2017-08-22},
  url={https://arxiv.org/pdf/1506.03471.pdf}
}

@misc{swanson2015consensus,
  title={Consensus-as-a-service: a brief report on the emergence of permissioned, distributed ledger systems},
  author={Swanson, Tim},
  howpublished = {\url{http://www.ofnumbers.com/wp-content/uploads/2015/04/Permissioned-distributed-ledgers.pdf}},
  year={2015},
  month={Apr},
  note = {Accessed: 2017-10-03},
  url={http://www.ofnumbers.com/wp-content/uploads/2015/04/Permissioned-distributed-ledgers.pdf}
}

% 2016

@misc{ali2016blockstack,
  title			= {Blockstack: Design and Implementation of a Global Naming System with Blockchains},
  author		= {Ali, Muneeb and Nelson, Jude and Shea, Ryan and Freedman, Michael J},
  year			= {2016},
  howpublished	= {\url{http://www.the-blockchain.com/docs/Blockstack Design and Implementation of a Global Naming System.pdf}},
  note			= {Accessed: 2016-03-29},
  url 			= {http://www.the-blockchain.com/docs/Blockstack Design and Implementation of a Global Naming System.pdf}
}

@misc{narayanan2016bitcoin,
  title         = {Bitcoin and Cryptocurrency Technologies},
  author        = {{Narayanan, Arvind and Bonneau, Joseph and Felten, Edward and Miller, Andrew and Goldfeder, Steven}},
  year={2016},
  booktitle     = {Bitcoin and Cryptocurrency Technologies},
  howpublished  = {http://bitcoinbook.cs.princeton.edu/},
  note          = {Accessed: 2016-03-29},
  url 		= {https://d28rh4a8wq0iu5.cloudfront.net/bitcointech/readings/princeton_bitcoin_book.pdf}
}

@misc{judmayer2016c4,
  author        = {Judmayer, Aljosha and Edgar Weippl},
  title         = {Cryptographic Currencies Crash Course (C4)},
  journal		= {Tutorial at WWW2016},
  year          = {2016},
  month         = {Apr},
  howpublished  = {\url{http://www2016.net/proceedings/companion/p1021.pdf}},
  note          = {Accessed: 2016-06-06},
  url           = {http://www2016.net/proceedings/companion/p1021.pdf}
}

@misc{bentov2016bitcoin,
  title         = {Bitcoin Beacon},
  author        = {Bentov, Iddo and Gabizon, Ariel and Zuckerman, David},
  journal		= {arXiv prepring arXiv:1605.04559},
  year			= {2016},
  howpublished  = { https://arxiv.org/pdf/1605.04559v2},
  note          = {Accessed: 2016-06-06},
  url 			= {https://arxiv.org/pdf/1605.04559v2.pdf}
}

@misc{sompolinsky2016bitcoin,
  title         = {Bitcoin's Security Model Revisited},
  author        = {Sompolinsky, Yonatan and Zohar, Aviv},
  journal       = {arXiv preprint arXiv:1605.09193},
  year          = {2016},
  howpublished  = {\url{http://arxiv.org/pdf/1605.09193}},
  note          = {Accessed: 2016-07-04},
  url 			= {http://arxiv.org/pdf/1605.09193.pdf}
}

@misc{anderson2016new,
  title         = {New kids on the block: an analysis of modern blockchains},
  author        = {Anderson, Luke and Holz, Ralph and Ponomarev, Alexander and Rimba, Paul and Weber, Ingo},
  journal       = {arXiv preprint arXiv:1606.06530},
  year          = {2016},
  howpublished  = {\url{http://arxiv.org/pdf/1606.06530.pdf}},
  note          = {Accessed: 2016-07-04},
  url 			= {http://arxiv.org/pdf/1606.06530.pdf}
}

@misc{poon2016bitcoin,
  title         = {The bitcoin lightning network},
  author        = {Poon, Joseph and Dryja, Thaddeus},
  year          = {2016},  
  howpublished  = {\url{https://lightning.network/lightning-network-paper.pdf}},
  note          = {Accessed: 2016-07-07},
  url 			= {https://lightning.network/lightning-network-paper.pdf}
}

@misc{pass2016analysis,
  title         = {Analysis of the Blockchain Protocol in Asynchronous Networks},
  author        = {Pass, Rafael and Seeman, Lior and shelat, abhi},
  year          = {2016},
  howpublished  = {\url{http://eprint.iacr.org/2016/454.pdf}},
  note          = {Accessed: 2016-08-01},
  url           = {http://eprint.iacr.org/2016/454.pdf}
}

@misc{pass2016hybrid,
  title		= {Hybrid Consensus: Scalable Permissionless Consensus},
  author	= {Pass, Rafael and Shi, Elaine},
  year		= {2016},
  month		= {Sep},
  howpublished 	= {\url{https://eprint.iacr.org/2016/917.pdf}},
  note		= {Accessed: 2016-10-17},
  url 		= {https://eprint.iacr.org/2016/917.pdf}
}
  

@misc{nelson2016extending,
  title         = {Extending Existing Blockchains with Virtualchain},
  author        = {Nelson, Jude and Ali, Muneeb and Shea, Ryan and Freedman, Michael J},
  year          = {2016},
  howpublished  = {\url{https://www.zurich.ibm.com/dccl/papers/nelson_dccl.pdf}},
  note          = {Accessed: 2016-08-01},
  url           = {https://www.zurich.ibm.com/dccl/papers/nelson_dccl.pdf}
}

@misc{cachin2016architecture,
  title         = {Architecture of the Hyperledger Blockchain Fabric},
  author        = {Cachin, Christian},
  year          = {2016},
  howpublished  = {\url{https://www.zurich.ibm.com/dccl/papers/cachin_dccl.pdf}},  
  note          = {Accessed: 2016-08-10},
  url           = {https://www.zurich.ibm.com/dccl/papers/cachin_dccl.pdf}
}

@misc{vukolic2016eventually,
  title         = {Eventually Returning to Strong Consistency},
  author        = {Vukolic, Marko},
  year          = {2016},
  howpublished  = {\url{https://pdfs.semanticscholar.org/a6a1/b70305b27c556aac779fb65429db9c2e1ef2.pdf}},  
  note          = {Accessed: 2016-08-10},
  url           = {https://pdfs.semanticscholar.org/a6a1/b70305b27c556aac779fb65429db9c2e1ef2.pdf}
}

@misc{gramoli2016danger,
  title         = {On the Danger of Private Blockchains},
  author        = {Gramoli, Vincent},
  year          = {2016},
  howpublished  = {\url{https://www.zurich.ibm.com/dccl/papers/gramoli_dccl.pdf}},  
  note          = {Accessed: 2016-08-10},
  url           = {https://www.zurich.ibm.com/dccl/papers/gramoli_dccl.pdf}
}

@misc{bhargavan2016short,
  title={Short Paper: Formal Verification of Smart Contracts},
  author={Bhargavan, Karthikeyan and Delignat-Lavaud, Antoine and Fournet, C{\'e}dric and Gollamudi, Anitha and Gonthier, Georges and Kobeissi, Nadim and Rastogi, Aseem and Sibut-Pinote, Thomas and Swamy, Nikhil and Zanella-B{\'e}guelin, Santiago},
  year={2016},
  month={Aug},
  howpublished  = {\url{https://research.microsoft.com/en-us/um/people/nswamy/papers/solidether.pdf}},  
  note          = {Accessed: 2016-08-10},
  url={https://research.microsoft.com/en-us/um/people/nswamy/papers/solidether.pdf}
}

@misc{pettersson2016safer,
  title={Safer smart contracts through type-driven development},
  author={Pettersson, Jack and Edstr{\"o}m, Robert},
  school={Chalmers University of Technology and University of Gothenburg},
  year={2016},
  address = {Gothenburg, Sweden},
  howpublished  = {\url{https://publications.lib.chalmers.se/records/fulltext/234939/234939.pdf}},  
  note          = {Accessed: 2016-08-10},
  url={https://publications.lib.chalmers.se/records/fulltext/234939/234939.pdf}
}

@misc{blocki2016designing,
  title		={Designing Proof of Human-work Puzzles for Cryptocurrency and Beyond},
  author	={Blocki, Jeremiah and Zhou, Hong-Sheng},
  publisher = {Cryptology ePrint Archive, Report 2016/145},
  year		={2016},
  month		={Aug},
  howpublished  = {\url{https://eprint.iacr.org/2016/145.pdf}}, 
  note          = {Accessed: 2016-10-17},
  url		={https://eprint.iacr.org/2016/145.pdf}
}

@misc{cachin2016non,
  title={Non-determinism in Byzantine Fault-Tolerant Replication},
  author={Cachin, Christian and Schubert, Simon and Vukolic, Marko},
  year={2016},
  month={Mar},
  howpublished={\url{http://www.zurich.ibm.com/~cca/papers/sieve.pdf}},
  note={Accessed: 2016-11-08},
  url={http://www.zurich.ibm.com/~cca/papers/sieve.pdf}
}

%tailored for permissioned blockchain environment
@misc{abraham2016bvp,
  title={BVP: Byzantine Vertical Paxos},
  author={Abraham, Ittai and Malkhi, Dahlia},
  year={2016},
  month={May},
  howpublished={\url{https://www.zurich.ibm.com/dccl/papers/abraham_dccl.pdf}},
  note={Accessed: 2016-11-08},
  url={https://www.zurich.ibm.com/dccl/papers/abraham_dccl.pdf}
}

@misc{wust2016security,
  title={Security of Blockchain Technologies},
  author={W{\"u}st, Karl},
  publisher={Master's Thesis - Department of Computer Science, ETH Z{\"u}rich},
  year={2016},
  month={Jul},
  howpublished={\url{http://e-collection.library.ethz.ch/eserv/eth:49632/eth-49632-01.pdf}},
  note={Accessed: 2016-11-08},
  url={http://e-collection.library.ethz.ch/eserv/eth:49632/eth-49632-01.pdf}
}

@phdthesis{miller2016provable,
  title={Provable Security for Cryptocurrencies},
  author={Miller, Andrew},
  year={2016},
  school={University of Maryland, College Park},
  howpublished={\url{http://www.cs.umd.edu/~jkatz/THESES/amiller-thesis.pdf}},
  note={Accessed: 2016-11-08},
  url={http://www.cs.umd.edu/~jkatz/THESES/amiller-thesis.pdf}
}

@misc{pass2016fruitchains,
  title={Fruitchains: A fair blockchain},
  author={Pass, Rafael and Shi, Elaine},
  publisher = {Cryptology ePrint Archive, Report 2016/916},
  year={2016},
  howpublished={\url{http://eprint.iacr.org/2016/916.pdf}},
  note={Accessed: 2016-11-08},
  url={http://eprint.iacr.org/2016/916.pdf}
}

@misc{bentov2016sleepy,
  title={The sleepy model of consensus},
  author={Bentov, Iddo and Pass, Rafael and Shi, Elaine},
  publisher = {Cryptology ePrint Archive, Report 2016/918},
  year={2016},
  howpublished={\url{https://eprint.iacr.org/2016/918.pdf}},
  note={Accessed: 2016-11-08},
  url={https://eprint.iacr.org/2016/918.pdf}
}

@misc{bentov2016snow,
  title={Snow White: Provably Secure Proofs of Stake},
  author={Bentov, Iddo and Pass, Rafael and Shi, Elaine},
  publisher = {Cryptology ePrint Archive, Report 2016/919},
  year={2016},
  howpublished={ https://eprint.iacr.org/2016/919.pdf},
  note={Accessed: 2016-11-08},
  url={https://eprint.iacr.org/2016/919.pdf}
}

@misc{garay2016bootstrapping,
    author = {Garay, Juan A.  and Kiayias, Aggelos and Leonardos, Nikos and Panagiotakos, Giorgos},
    title = {Bootstrapping the Blockchain --- Directly},
    publisher = {Cryptology ePrint Archive, Report 2016/991},
    year = {2016},
    month={Oct},
    howpublished = {\url{http://eprint.iacr.org/2016/991}},
    note={Accessed: 2016-11-08},
    url={https://eprint.iacr.org/2016/991.pdf}
}

@misc{atzei2016survey,
    author = {Atzei, Nicola and Bartoletti, Massimo  and Cimoli, Tiziana},
    title = {A survey of attacks on Ethereum smart contracts},
    publisher = {Cryptology ePrint Archive, Report 2016/1007},
    year = {2016},
    month ={Oct},
    howpublished={\url{http://eprint.iacr.org/2016/1007}},
    note={Accessed: 2016-11-08},
    url = { https://eprint.iacr.org/2016/1007.pdf}
}



@misc{kiayias2016provably,
  author    = {Kiayias, Aggelos and Konstantinou, Ioannis and Russell, Alexander  and David, Bernardo  and Oliynykov, Roman },
  title     = {A Provably Secure Proof-of-Stake Blockchain Protocol},
  publisher   = {Cryptology ePrint Archive, Report 2016/889},
  month = {Sep},
  year      = {2016},
  howpublished  = {\url{http://eprint.iacr.org/2016/889}},
  note = {Accessed: 2016-11-09},
  url = {http://eprint.iacr.org/2016/889.pdf}
}

% honey badger async. (randomized) bft protocol 
@misc{miller2016honey,
  title={The honey badger of BFT protocols},
  author={Miller, Andrew and Xia, Yu and Croman, Kyle and Shi, Elaine and Song, Dawn},
  publisher={Cryptology ePrint Archive: Report 2016/199},
  year={2016},
  howpublished={\url{https://eprint.iacr.org/2016/199.pdf}},
  note={Accessed: 2017-01-10},
  url={https://eprint.iacr.org/2016/199.pdf}
}

@misc{clack2016smart,
  author    = {Christopher D. Clack and Vikram A. Bakshi and Lee Braine},
  title     = {Smart Contract Templates: foundations, design landscape and research directions},
  journal   = {CoRR},
  volume    = {abs/1608.00771},
  year      = {2016},
  howpublished={\url{https://arxiv.org/pdf/1608.00771v2.pdf}},
   note={Accessed: 2017-01-10},
  url       = {https://arxiv.org/pdf/1608.00771v2.pdf}
}

@misc{lajoie2016increasing,
  title={Increasing the robustness of the Bitcoincrypto-system in presence of undesirable behaviours},
  author={Lajoie-Mazenc, Thibaut},
  publisher={Master's Thesis sumbmitted at KTH CSC},
  year={2016},
  howpublished={\url{http://www.nada.kth.se/~ann/exjobb/thibaut_lajoie-mazenc.pdf}},
  note={Accessed: 2017-01-19},
  url={http://www.nada.kth.se/~ann/exjobb/thibaut_lajoie-mazenc.pdf}
}

@misc{baars2016towards,
  title={Towards Self-Sovereign Identity using Blockchain Technology},
  author={Baars, Djuri},
  year={2016},
  publisher={Master's Thesis at University of Twente},
  howpublished={\url{http://essay.utwente.nl/71274/1/Baars_MA_BMS.pdf}},
  note={Accessed: 2017-01-19},
  url={http://essay.utwente.nl/71274/1/Baars_MA_BMS.pdf}
}

@misc{abraham2016solidus,
  title={Solidus: An Incentive-compatible Cryptocurrency Based on Permissionless Byzantine Consensus},
  author={Abraham, Ittai and Malkhi, Dahlia and Nayak, Kartik and Ren, Ling and Spiegelman, Alexander},
  journal   = {CoRR},
  volume    = {abs/1612.02916},
  year={2016},
  month={Dec},
  howpublished={\url{https://arxiv.org/abs/1612.02916}},
  note={Accessed: 2017-02-06},
  url={https://arxiv.org/pdf/1612.02916.pdf}
}

@misc{buchman2016tendermint,
  title={Tendermint: Byzantine Fault Tolerance in the Age of Blockchains},
  author={Buchman, Ethan},
  publisher={Master's Thesis at University of Guelph, Ontario},
  year={2016},
  month={Jun},
  note={Accessed: 2017-02-06},
  howpublished={\url{http://atrium.lib.uoguelph.ca/xmlui/bitstream/handle/10214/9769/Buchman_Ethan_201606_MAsc.pdf}},
  url={http://atrium.lib.uoguelph.ca/xmlui/bitstream/handle/10214/9769/Buchman_Ethan_201606_MAsc.pdf}
}

@misc{duong2016hop,
    author = {Tuyet Duong and Lei Fan and Hong-Sheng Zhou},
    title = {2-hop Blockchain: Combining Proof-of-Work and Proof-of-Stake Securely},
    howpublished = {Cryptology ePrint Archive, Report 2016/716},
    year = {2016},
    note={Accessed: 2017-02-06},
    url={https://eprint.iacr.org/2016/716.pdf}
}

@misc{garay2016bitcoin,
  title        = {The Bitcoin Backbone Protocol with Chains of Variable Difficulty},
  author       = {Juan A. Garay and Aggelos Kiayias and Nikos Leonardos},
  journal      = {{IACR} Cryptology ePrint Archive, Report 2016/1048},
  year         = {2016},
  note         = {Accessed: 2017-02-06},
  howpublished = {\url{http://eprint.iacr.org/2016/1048.pdf}},
  url          = {http://eprint.iacr.org/2016/1048.pdf},
}

@misc{kiayias2016trees,
  title        = {On Trees, Chains and Fast Transactions in the Blockchain.},
  author       = {Kiayias, Aggelos and Panagiotakos, Giorgos},
  journal      = {IACR Cryptology ePrint Archive, Report 2016/545},
  year         = {2016},
  note         = {Accessed: 2017-02-06},
  howpublished = {\url{http://eprint.iacr.org/2016/545.pdf}},
  url          = {http://eprint.iacr.org/2016/545.pdf},
}

@misc{jarecki2016highly,
  title        = {Highly-Efficient and Composable Password-Protected Secret Sharing (Or: How to Protect Your Bitcoin Wallet Online)},
  author       = {Jarecki, Stanislaw and Kiayias, Aggelos and Krawczyk, Hugo and Xu, Jiayu},
  journal      = {IACR Cryptology ePrint Archive, Report 2016/144},
  year         = {2016},
  note         = {Accessed: 2017-02-06},
  howpublished = {\url{http://eprint.iacr.org/2016/144.pdf}},
  url          = {http://eprint.iacr.org/2016/144.pdf},
}

@misc{gencer2016service,
  title			= {Service-Oriented Sharding with Aspen},
  author		= {Gencer, Adem Efe and van Renesse, Robbert and Sirer, Emin G{\"u}n},
  journal		= {arXiv preprint arXiv:1611.06816},
  year          = {2016},
  howpublished  = {\url{http://arxiv.org/pdf/1611.06816.pdf}},
  note          = {Accessed: 2017-02-06},
  url           = {http://arxiv.org/pdf/1611.06816.pdf}
}

@misc{kiayias2016blockchain,
  author    = {Aggelos Kiayias and
               Elias Koutsoupias and
               Maria Kyropoulou and
               Yiannis Tselekounis},
  title     = {Blockchain Mining Games},
  journal   = {CoRR},
  volume    = {abs/1607.02420},
  year      = {2016},
  note      = {Accessed: 2017-02-07},
  howpublished       = {\url{http://arxiv.org/abs/1607.02420}},
  url= {https://arxiv.org/pdf/1607.02420.pdf}
}

@misc{micali2016algorand,
  author    = {Silvio Micali},
  title     = {ALGORAND: The Efficient and Democratic Ledger},
  journal   = {CoRR},
  volume    = {abs/1607.01341},
  year      = {2016},
  howpublished       = {http://arxiv.org/abs/1607.01341},
  note={Accessed: 2017-02-09},
  url={https://arxiv.org/pdf/1607.01341.pdf}
}

@misc{miller2016zero,
  author    = {Andrew Miller and Iddo Bentov},
  title     = {Zero-Collateral Lotteries in Bitcoin and Ethereum},
  journal   = {CoRR},
  volume    = {abs/1612.05390},
  year      = {2016},
  howpublished       = {http://arxiv.org/abs/1612.05390},
  note={Accessed: 2017-02-13},
  url={https://arxiv.org/pdf/1612.05390.pdf}
}

@misc{natoli2016balance,
  author    = {Christopher Natoli and Vincent Gramoli},
  title     = {The Balance Attack Against Proof-Of-Work Blockchains: The {R3} Testbed as an Example},
  journal   = {CoRR},
  volume    = {abs/1612.09426},
  year      = {2016},
  howpublished       = {http://arxiv.org/abs/1612.09426},
  note={Accessed: 2017-02-15},
  url={https://arxiv.org/pdf/1612.09426.pdf}
}

@misc{jain2016verify,
   title={How to verify computation with a rational network},
  author={Jain, Sanjay and Saxena, Prateek and Stephan, Frank and Teutsch, Jason},
  journal={arXiv preprint arXiv:1606.05917},
  year={2016},
  howpublished       = {http://arxiv.org/abs/1606.05917},
   note={Accessed: 2017-02-15},
  url={https://arxiv.org/pdf/1606.05917.pdf}
}

@misc{duong2016securing,
  title={Securing Bitcoin-like Backbone Protocols against a Malicious Majority of Computing Power},
  author={Duong, Tuyet and Fan, Lei and Veale, Thomas and Zhou, Hong-Sheng},
    year = {2016},
    howpublished = {\url{http://eprint.iacr.org/2016/716}},
    note={Accessed: 2017-02-15},
    url={https://eprint.iacr.org/eprint-bin/getfile.pl?entry=2016/716&version=20160721:174624&file=716.pdf}
}

@misc{kiayias2016ouroboros,
  title={Ouroboros: A Provably Secure Proof-of-Stake Blockchain Protocol},
  author={Kiayias, Aggelos and Russell, Alexander and David, Bernardo and Oliynykov, Roman},
  year={2016},
  howpublished={https://pdfs.semanticscholar.org/1c14/549f7ba7d6a000d79a7d12255eb11113e6fa.pdf},
  note={Accessed: 2017-02-20},
  url={https://pdfs.semanticscholar.org/1c14/549f7ba7d6a000d79a7d12255eb11113e6fa.pdf}
}

@misc{sompolinsky2016spectre,
    author = {Yonatan Sompolinsky and Yoad Lewenberg and Aviv Zohar},
    title = {SPECTRE: A Fast and Scalable Cryptocurrency Protocol},
    howpublished = {Cryptology ePrint Archive, Report 2016/1159},
    year = {2016},
    note={Accessed: 2017-02-20},
    url={http://eprint.iacr.org/2016/1159.pdf}
}

@misc{camacho2016decor,
  title={DECOR+ LAMI: A Scalable Blockchain Protocol},
  author={Camacho, Philippe and Lerner, Sergio Demian},
  year={2016},
 note={Accessed: 2017-02-20},
  howpublished={https://scalingbitcoin.org/papers/DECOR-LAMI.pdf},
  url={https://scalingbitcoin.org/papers/DECOR-LAMI.pdf}
  
}

@misc{boyen2016blockchain,
    author = {Xavier Boyen and Christopher Carr and Thomas Haines},
    title = {Blockchain-Free Cryptocurrencies. A Rational Framework for Truly Decentralised Fast Transactions},
    howpublished = {Cryptology ePrint Archive, Report 2016/871},
    year = {2016},
     note={Accessed: 2017-02-20},
    url={http://eprint.iacr.org/2016/871.pdf}
}

@misc{mccorry2016removing,
  title={Removing Trusted Tallying Authorities},
  author={McCorry, Patrick and Toreini, Ehsan and Mehrnezhad, Maryam},
  year={2016},
  publisher={Newcastle University},
   note={Accessed: 2017-02-20},
  howpublished={\url{https://internal.ncl.ac.uk/computing/annex/research/techreports/pdfs/1502.pdf}},
  url={https://internal.ncl.ac.uk/computing/annex/research/techreports/pdfs/1502.pdf}
  
}

@misc{reyzin2016improving,
    author = {Leonid Reyzin and Dmitry Meshkov and Alexander Chepurnoy and Sasha Ivanov},
    title = {Improving Authenticated Dynamic Dictionaries, with Applications to Cryptocurrencies},
    howpublished = {Cryptology ePrint Archive, Report 2016/994},
    year = {2016},
    note={Accessed: 2017-02-27},
    url={https://eprint.iacr.org/2016/994.pdf}
}

@misc{seijas2016scripting,
    author = {Pablo Lamela Seijas and Simon Thompson and Darryl McAdams},
    title = {Scripting smart contracts for distributed ledger technology},
    journal = {Cryptology ePrint Archive, Report 2016/1156},
    year = {2016},
    howpublished = {\url{http://eprint.iacr.org/2016/1156}},
    note={Accessed: 2017-03-03},
    url={https://eprint.iacr.org/2016/1156.pdf}
}

@misc{bartoletti2016constant,
    author = {Massimo Bartoletti and Roberto Zunino},
    title = {Constant-deposit multiparty lotteries on Bitcoin},
    howpublished = {Cryptology ePrint Archive, Report 2016/955},
    year = {2016},
    note={Accessed: 2017-03-09},
    url  = {http://eprint.iacr.org/2016/955.pdf}
}

@misc{lind2016teechan,
  author    = {Joshua Lind and
               Ittay Eyal and
               Peter R. Pietzuch and
               Emin G{\"{u}}n Sirer},
  title     = {Teechan: Payment Channels Using Trusted Execution Environments},
  journal   = {CoRR},
  volume    = {abs/1612.07766},
  year      = {2016},
  note={Accessed: 2017-03-09},
  howpublished={\url{https://arxiv.org/abs/1612.07766}},
  url       = {https://arxiv.org/pdf/1612.07766.pdf}
}

@misc{norta2016designing,
  title	={Designing a Smart-Contract Application Layer for Transacting Decentralized Autonomous Organizations},
  author ={Norta, Alex},
  year ={2016},
  note={Accessed: 2017-03-16},
  howpublished={\url{https://www.researchgate.net/profile/Alex_Norta/publication/308986556_Designing_a_Smart-Contract_Application_Layer_for_Transacting_Decentralized_Autonomous_Organizations/links/57fcddf608aeb857afa0943d/Designing-a-Smart-Contract-Application-Layer-for-Transacting-Decentralized-Autonomous-Organizations.pdf}},
  url={https://www.researchgate.net/profile/Alex_Norta/publication/308986556_Designing_a_Smart-Contract_Application_Layer_for_Transacting_Decentralized_Autonomous_Organizations/links/57fcddf608aeb857afa0943d/Designing-a-Smart-Contract-Application-Layer-for-Transacting-Decentralized-Autonomous-Organizations.pdf}
}

@misc{ateniese2016redactable,
  title={Redactable Blockchain--or--Rewriting History in Bitcoin and Friends},
  author={Ateniese, Giuseppe and Magri, Bernardo and Venturi, Daniele and Andrade, Ewerton},
  year={2016},
  institution={IACR Cryptology ePrint Archive},
  howpublished={\url{http://eprint.iacr.org/2016/757.pdf}},
  note={Accessed: 2017-03-23},
  url={http://eprint.iacr.org/2016/757.pdf}
}

@misc{apostolaki2016,
  author    = {Maria Apostolaki and
               Aviv Zohar and
               Laurent Vanbever},
  title     = {Hijacking Bitcoin: Large-scale Network Attacks on Cryptocurrencies},
  journal   = {CoRR},
  volume    = {abs/1605.07524},
  year      = {2016},
  howpublished={\url{https://arxiv.org/pdf/1605.07524.pdf}},
  note={Accessed: 2017-03-28},
  url={https://arxiv.org/pdf/1605.07524.pdf}
}

@misc{ozisik2016secure,
  title={A Secure, Efficient, and Transparent Network Architecture for Bitcoin},
  author={Ozisik, A Pinar and Andresen, Gavin and Bissias, George and Houmansadr, Amir and Levine, Brian N},
  year={2016},
  institution={UMass Amherst, Tech. Rep. UM-CS-2016-006, 2016},
  note={Accessed: 2017-04-24},
  url={https://people.cs.umass.edu/~gbiss/bitcoin_architecture.pdf}
}

@misc{reijers2016governance,
  title={Governance in Blockchain Technologies \& Social Contract Theories},
  author={Reijers, Wessel and O'Brolch{\'a}in, Fiachra and Haynes, Paul},
  journal={Ledger},
  volume={1},
  pages={134--151},
  year={2016},
  howpublished  = {\url{http://ledger.pitt.edu/ojs/index.php/ledger/article/view/62}},
  note={Accessed: 2017-05-09},
  url={http://ledger.pitt.edu/ojs/index.php/ledger/article/download/62/51}
}

@misc{noyes2016bitav,
  title={BitAV: Fast Anti-Malware by Distributed Blockchain Consensus and Feedforward Scanning},
  author={Noyes, Charles},
  journal={arXiv preprint arXiv:1601.01405},
  year={2016},
  howpublished  = {\url{https://arxiv.org/abs/1601.01405}},
  note={Accessed: 2017-05-09},
  url={https://arxiv.org/pdf/1601.01405.pdf}
}

@misc{vitalik2016chain,
  title ={Chain Interoperability},
  author ={Vitalik Buterin},
  year ={2016},
  note={Accessed: 2017-03-25},
  howpublished={\url{https://static1.squarespace.com/static/55f73743e4b051cfcc0b02cf/t/5886800ecd0f68de303349b1/1485209617040/Chain+Interoperability.pdfi}},
  url={https://static1.squarespace.com/static/55f73743e4b051cfcc0b02cf/t/5886800ecd0f68de303349b1/1485209617040/Chain+Interoperability.pdf}
}

@misc{malavolta2016silentwhispers,
    author = {Giulio Malavolta and Pedro Moreno-Sanchez and Aniket Kate and Matteo Maffei},
    title = {SilentWhispers: Enforcing Security and Privacy in Decentralized Credit Networks},
    howpublished = {Cryptology ePrint Archive, Report 2016/1054},
    year = {2016},
    note ={Accessed: 2017-06-29},
    url={https://eprint.iacr.org/2016/1054.pdf}
}

@misc{green2016bolt,
    author = {Matthew Green and Ian Miers},
    title = {Bolt: Anonymous Payment Channels for Decentralized Currencies},
    howpublished = {Cryptology ePrint Archive, Report 2016/701},
    year = {2016},
    note={Accessed: 2017-08-07},
    url = {http://eprint.iacr.org/2016/701},
}

@misc{siamak2016,
    Author = {Siamak Solat and Maria Potop-Butucaru},
    Title = {ZeroBlock: Timestamp-Free Prevention of Block-Withholding Attack in Bitcoin},
    Year = {2016},
    note={Accessed: 2017-08-03},
    howpublished={\url{https://arxiv.org/abs/1605.02435}},
    url={https://arxiv.org/pdf/1605.02435.pdf}
}

@misc{heilman2016tumblebit,
  title={TumbleBit: An untrusted Bitcoin-compatible anonymous payment hub},
  author={Heilman, Ethan and Alshenibr, Leen and Baldimtsi, Foteini and Scafuro, Alessandra and Goldberg, Sharon},
  journal={Cryptology ePrint Archive, Report 2016/575, Tech. Rep.},
  year={2016},
  note={Accessed: 2017-09-29},
  url={https://eprint.iacr.org/2016/575.pdf}
}

@misc{heilman2016blindly,
    author = {Ethan Heilman and Foteini Baldimtsi and Sharon Goldberg},
    title = {Blindly Signed Contracts: Anonymous On-Blockchain and Off-Blockchain Bitcoin Transactions},
    howpublished = {Cryptology ePrint Archive, Report 2016/056},
    year = {2016},
  note          ={Accessed: 2017-10-03},
    url={https://eprint.iacr.org/2016/056.pdf},
}

@article{egbertsen2016replacing,
  title={Replacing Paper Contracts With Ethereum Smart Contracts},
  author={Egbertsen, Wesley and Hardeman, Gerdinand and van den Hoven, Maarten and van der Kolk, Gert and van Rijsewijk, Arthur},
  year={2016},
  url={https://wesleyegbertsen.nl/wp-content/uploads/2016/07/replacing-paper-contracts.pdf},
  note={Accessed: 2017-10-24}
}

@article{rizun2016subchains,
  title={Subchains: A Technique to Scale Bitcoin and Improve the User Experience},
  author={Rizun, Peter R},
  journal={Ledger},
  volume={1},
  pages={38--52},
  year={2016},
  url = {https://www.bitcoinunlimited.info/resources/subchains.pdf}
}
 
% 2017

@misc{bentov2017instantaneous,
  author        = {Iddo Bentov and
                   Ranjit Kumaresan and
                   Andrew Miller},
  title         = {Instantaneous Decentralized Poker},
  journal       = {CoRR},
  volume        = {abs/1701.06726},
  year          = {2017},
  howpublished  = {\url{http://arxiv.org/abs/1701.06726.pdf}},
  note          ={Accessed: 2017-02-16},
  url           ={https://arxiv.org/pdf/1701.06726.pdf}
}

@misc{bartoletti2017analysis,
  title={An analysis of Bitcoin OP\_RETURN metadata},
  author={Bartoletti, Massimo and Pompianu, Livio},
  journal={arXiv preprint arXiv:1702.01024},
  year={2017},
 howpublished={\url{https://arxiv.org/pdf/1702.01024.pdf}},
   note={Accessed: 2017-03-09},
  url = {https://arxiv.org/pdf/1702.01024.pdf}
}

@misc{dickerson2017adding,
  title={Adding Concurrency to Smart Contracts},
  author={Dickerson, Thomas and Gazzillo, Paul and Herlihy, Maurice and Koskinen, Eric},
  journal={arXiv preprint arXiv:1702.04467},
  year={2017},
 howpublished={\url{https://arxiv.org/pdf/1702.04467.pdf}},
  note={Accessed: 2017-03-16},
  url = {https://arxiv.org/pdf/1702.04467.pdf}
}

@misc{sergey2017concurrent,
  title={A Concurrent Perspective on Smart Contracts},
  author={Sergey, Ilya and Hobor, Aquinas},
  journal={arXiv preprint arXiv:1702.05511},
  year={2017},
 howpublished={\url{https://arxiv.org/pdf/1702.05511.pdf}},
  note={Accessed: 2017-03-16},
  url = {https://arxiv.org/pdf/1702.05511.pdf}
}

@misc{luu2017smart,
    author = {Loi Luu and Yaron Velner and Jason Teutsch and Prateek Saxena},
    title = {SMART POOL : Practical Decentralized Pooled Mining},
    journal = {Cryptology ePrint Archive, Report 2017/019},
    year = {2017},
    howpublished = {\url{http://eprint.iacr.org/2017/019}},
    note={Accessed: 2017-03-22},
    url = {http://eprint.iacr.org/2017/019.pdf}
}

@misc{dinh2017blockbench,
  title={BLOCKBENCH: A Framework for Analyzing Private Blockchains},
  author={Dinh, Tien Tuan Anh and Wang, Ji and Chen, Gang and Liu, Rui and Ooi, Beng Chin and Tan, Kian-Lee},
  journal={arXiv preprint arXiv:1703.04057},
  year={2017},
  howpublished={\url{https://arxiv.org/pdf/1703.04057.pdf}},
  note={Accessed: 2017-03-22},
  url={https://arxiv.org/pdf/1703.04057.pdf}
}

@misc{crain2017leader,
  title={(Leader/Randomization/Signature)-free Byzantine Consensus for Consortium Blockchains},
  author={Crain, Tyler and Gramoli, Vincent and Larrea, Mikel and Raynal, Michel},
  journal={arXiv preprint arXiv:1702.03068},
  year={2017},
  howpublished={\url{https://arxiv.org/pdf/1702.03068.pdf}},
  note={Accessed: 2017-03-22},
  url={https://arxiv.org/pdf/1702.03068.pdf}
}

@misc{di2017smart,
  title={Smart Contract SLAs for Dense Small-Cell-as-a-Service},
  author={Di Pascale, Emanuele and McMenamy, Jasmina and Macaluso, Irene and Doyle, Linda},
  journal={arXiv preprint arXiv:1703.04502},
  year={2017},
  howpublished={\url{https://arxiv.org/pdf/1703.04502.pdf}},
  note={Accessed: 2017-03-22},
  url={https://arxiv.org/pdf/1703.04502.pdf}
}

@misc{chen2017under,
  title={Under-Optimized Smart Contracts Devour Your Money},
  author={Chen, Ting and Li, Xiaoqi and Luo, Xiapu and Zhang, Xiaosong},
  journal={arXiv preprint arXiv:1703.03994},
  year={2017}, 
  howpublished={\url{https://arxiv.org/pdf/1703.03994.pdf}},
  note={Accessed: 2017-03-22},
  url={https://arxiv.org/pdf/1703.03994.pdf}
}

@misc{bartoletti2017dissecting,
  title={Dissecting Ponzi schemes on Ethereum: identification, analysis, and impact},
  author={Bartoletti, Massimo and Carta, Salvatore and Cimoli, Tiziana and Saia, Roberto},
  journal={arXiv preprint arXiv:1703.03779},
  year={2017},
  howpublished={\url{https://arxiv.org/pdf/1703.03779.pdf}},
  note={Accessed: 2017-03-22},
  url={https://arxiv.org/pdf/17@misc{1605.02435,
Author = {Siamak Solat and Maria Potop-Butucaru},
Title = {ZeroBlock: Timestamp-Free Prevention of Block-Withholding Attack in Bitcoin},
Year = {2016},
Eprint = {arXiv:1605.02435},
}03.03779.pdf}
}

@misc{miller2017sprites,
  title={Sprites: Payment Channels that Go Faster than Lightning},
  author={Miller, Andrew and Bentov, Iddo and Kumaresan, Ranjit and McCorry, Patrick},
  journal={arXiv preprint arXiv:1702.05812},
  year={2017},
  howpublished={\url{https://arxiv.org/pdf/1702.05812.pdf}},
  note={Accessed: 2017-03-22},
  url={https://arxiv.org/pdf/1702.05812.pdf}
}

@misc{boyd2017key,
    author = {Colin Boyd and Xavier Boyen and Christopher Carr and Thomas Haines},
    title = {Key Recovery: Inert and Public},
    journal = {Cryptology ePrint Archive, Report 2017/243},
    year = {2017},
    howpublished = {\url{http://eprint.iacr.org/2017/243}},
    note={Accessed: 2017-03-22},
    url={http://eprint.iacr.org/2017/243.pdf}
}

@misc{kaptchuk2017managing,
    author = {Gabriel Kaptchuk and Ian Miers and Matthew Green},
    title = {Managing Secrets with Consensus Networks: Fairness, Ransomware and Access Control},
    journal = {Cryptology ePrint Archive, Report 2017/201},
    year = {2017},
    howpublished = {\url{http://eprint.iacr.org/2017/201}},
    note={Accessed: 2017-03-22},
    url={http://eprint.iacr.org/2017/201.pdf}
}

@misc{puddu2017muchain,
    author = {Ivan Puddu, Alexandra Dmitrienko, Srdjan Capkun},
    title = {$\mu$chain: How to Forget without Hard Forks},
    journal = {Cryptology ePrint Archive, Report 2017/106},
    year = {2017},
    howpublished = {\url{http://eprint.iacr.org/2017/106}},
    note={Accessed: 2017-03-22},
    url={http://eprint.iacr.org/2017/106.pdf}
}

@misc{ruffing2017mixing,
    author = {Tim Ruffing and Pedro Moreno-Sanchez},
    title = {Mixing Confidential Transactions: Comprehensive Transaction Privacy for Bitcoin},
    journal = {Cryptology ePrint Archive, Report 2017/238},
    year = {2017},
    howpublished = {\url{http://eprint.iacr.org/2017/238}},
    note={Accessed: 2017-03-22},
    url={http://eprint.iacr.org/2017/238.pdf}
}

@misc{ruffing2017switch,
    author = {Tim Ruffing and Giulio Malavolta},
    title = {Switch Commitments: A Safety Switch for Confidential Transactions},
    journal = {Cryptology ePrint Archive, Report 2017/237},
    year = {2017},
    howpublished = {\url{http://eprint.iacr.org/2017/237}},
    note={Accessed: 2017-03-22},
    url={http://eprint.iacr.org/2017/237.pdf}
}

@misc{chepurnoy2017twinscoin,
    author = {Alexander Chepurnoy and Tuyet Duong and Lei Fan and Hong-Sheng Zhou},
    title = {TwinsCoin: A Cryptocurrency via Proof-of-Work and Proof-of-Stake},
    journal = {Cryptology ePrint Archive, Report 2017/232},
    year = {2017},
    howpublished = {\url{http://eprint.iacr.org/2017/232}},
    note={Accessed: 2017-03-22},
    url={http://eprint.iacr.org/2017/232.pdf}
}

@misc{zhang2017rem,
    author = {Fan Zhang and Ittay Eyal and Robert Escriva and Ari Juels and Robbert van Renesse},
    title = {REM: Resource-Efficient Mining for Blockchains},
    journal = {Cryptology ePrint Archive, Report 2017/179},
    year = {2017},
    howpublished = {\url{http://eprint.iacr.org/2017/179}},
    note={Accessed: 2017-03-24},
    url={http://eprint.iacr.org/2017/179.pdf}
}

@misc{cascudo2017scrape,
    author = {Ignacio Cascudo and Bernardo David},
    title = {SCRAPE: Scalable Randomness Attested by Public Entities},
    journal = {Cryptology ePrint Archive, Report 2017/216},
    year = {2017},
    howpublished = {http://eprint.iacr.org/2017/216},
    note={Accessed: 2017-03-24},
    url={http://eprint.iacr.org/2017/216.pdf}
}

@misc{miller2017empirical,
  title={An Empirical Analysis of Linkability in the Monero Blockchain},
  author={Miller, Andrew and Moeser, Malte and Lee, Kevin and Narayanan, Arvind},
  journal={arXiv preprint arXiv:1704.04299},
  year={2017},
  howpublished = {\url{https://arxiv.org/abs/1704.04299}},
  note={Accessed: 2017-04-24},
  url={https://arxiv.org/pdf/1704.04299.pdf}
}

@misc{dorri2017blockchaindistributed,
  title={BlockChain: A distributed solution to automotive security and privacy},
  author={Dorri, Ali and Steger, Marco and Kanhere, Salil S and Jurdak, Raja},
  journal={arXiv preprint arXiv:1704.00073},
  year={2017},
  howpublished = {\url{https://arxiv.org/abs/1704.00073}},
  note={Accessed: 2017-04-24},
  url={https://arxiv.org/pdf/1704.00073.pdf}
}

@misc{pappalardo2017blockchain,
  title={Blockchain Inefficiency in the Bitcoin Peers Network},
  author={Pappalardo, Giuseppe and Di Matteo, T and Caldarelli, Guido and Aste, Tomaso},
  journal={arXiv preprint arXiv:1704.01414},
  year={2017},
  howpublished = {\url{https://arxiv.org/abs/1704.01414}},
  note={Accessed: 2017-04-24},
  url={https://arxiv.org/pdf/1704.01414.pdf}
}

@misc{rowan2017securing,
  title={Securing Vehicle to Vehicle Communications using Blockchain through Visible Light and Acoustic Side-Channels},
  author={Rowan, Sean and Clear, Michael and Gerla, Mario and Huggard, Meriel and Goldrick, Ciar{\'a}n Mc},
  journal={arXiv preprint arXiv:1704.02553},
  year={2017},
  howpublished = {\url{https://arxiv.org/abs/1704.02553}},
  note={Accessed: 2017-04-24},
  url={https://arxiv.org/pdf/1704.02553.pdf}
}

@misc{danzi2017distributed,
  title={Distributed Proportional-Fairness Control in MicroGrids via Blockchain Smart Contracts},
  author={Danzi, Pietro and Angjelichinoski, Marko and Stefanovi{\'c}, {\v{C}}edomir and Popovski, Petar},
  journal={arXiv preprint arXiv:1705.01453},
  year={2017},
  howpublished = {\url{https://arxiv.org/abs/1705.01453}},
  note={Accessed: 2017-04-24},
  url={https://arxiv.org/pdf/1705.01453.pdf}
}

@misc{english2017conditions,
  title={Conditions of Full Disclosure: The Blockchain Remuneration Model},
  author={English, S Matthew and Nezhadian, Ehsan},
  journal={arXiv preprint arXiv:1703.04196},
  year={2017},
  howpublished = {\url{https://arxiv.org/abs/1703.04196}},
  note={Accessed: 2017-04-24},
  url={https://arxiv.org/pdf/1703.04196.pdf}
}

@misc{porru2017blockchain,
  title={Blockchain-oriented Software Engineering: Challenges and New Directions},
  author={Porru, Simone and Pinna, Andrea and Marchesi, Michele and Tonelli, Roberto},
  journal={arXiv preprint arXiv:1702.05146},
  year={2017},
  howpublished = {\url{https://arxiv.org/abs/1702.05146}},
  note={Accessed: 2017-04-24},
  url={https://arxiv.org/pdf/1702.05146.pdf}
}

@misc{malavolta2017concurrency,
  title={Concurrency and Privacy with Payment-Channel Networks},
  author={Malavolta, Giulio and Moreno-Sanchez, Pedro and Kate, Aniket and Maffei, Matteo and Ravi, Srivatsan},
  year={2017},
  howpublished={\url{https://www.cs.purdue.edu/homes/pmorenos/public/paychannels.pdf}},
  note={Accessed: 2017-06-29},
  url={https://www.cs.purdue.edu/homes/pmorenos/public/paychannels.pdf},
}

@misc{tarasov2017internet,
    author = {Pavel Tarasov and Hitesh Tewari},
    title = {Internet Voting Using Zcash},
    howpublished = {Cryptology ePrint Archive, Report 2017/585},
    year = {2017},
    howpublished = {\url{http://eprint.iacr.org/2017/585}},
    note={Accessed: 2017-06-29},
    url={http://eprint.iacr.org/2017/585.pdf},
}

@misc{david2017ouroboros,
    author = {Bernardo David and Peter Ga{\v{z}}i and Aggelos Kiayias and Alexander Russell},
    title = {Ouroboros Praos: An adaptively-secure, semi-synchronous proof-of-stake protocol},
    howpublished = {Cryptology ePrint Archive, Report 2017/573},
    year = {2017},
    howpublished = {\url{http://eprint.iacr.org/2017/573}},
    note={Accessed: 2017-06-29},
    url={http://eprint.iacr.org/2017/573.pdf},
}

@misc{campanelli2017zero,
    author = {Matteo Campanelli and Rosario Gennaro and Steven Goldfeder and Luca Nizzardo},
    title = {Zero-Knowledge Contingent Payments Revisited: Attacks and Payments for Services},
    howpublished = {Cryptology ePrint Archive, Report 2017/566},
    year = {2017},
    note={Accessed: 2017-06-29},
    howpublished = {\url{http://eprint.iacr.org/2017/566}},
    url={http://eprint.iacr.org/2017/566.pdf},
}

@misc{altawy2017lelantos,
    author = {Riham AlTawy and Muhammad ElSheikh and Amr M. Youssef and Guang Gong},
    title = {Lelantos: A Blockchain-based Anonymous Physical Delivery System},
    howpublished = {Cryptology ePrint Archive, Report 2017/465},
    year = {2017},
    note={Accessed: 2017-06-29},
    howpublished = {\url{http://eprint.iacr.org/2017/465}},
    url={http://eprint.iacr.org/2017/465.pdf},
}

@misc{gilad2017algorand,
    author = {Yossi Gilad and Rotem Hemo and Silvio Micali and Georgios Vlachos and Nickolai Zeldovich},
    title = {Algorand: Scaling Byzantine Agreements for Cryptocurrencies},
    howpublished = {Cryptology ePrint Archive, Report 2017/454},
    year = {2017},
    note={Accessed: 2017-06-29},
    howpublished = {\url{http://eprint.iacr.org/2017/454}},
    url={http://eprint.iacr.org/2017/454.pdf},
}

@misc{li2017block,
    author = {Huige Li and  Haibo Tian and Fangguo Zhang},
    title = {Block Chain based Searchable Symmetric Encryption},
    howpublished = {Cryptology ePrint Archive, Report 2017/447},
    year = {2017},
    note={Accessed: 2017-06-29},
    howpublished = {\url{http://eprint.iacr.org/2017/447}},
    url={http://eprint.iacr.org/2017/447.pdf},
}

@misc{li2017crowdbc,
    author = {Ming Li and Jian Weng and Anjia Yang and Wei Lu},
    title = {CrowdBC: A Blockchain-based Decentralized Framework for Crowdsourcing},
    howpublished = {Cryptology ePrint Archive, Report 2017/444},
    year = {2017},
    note={Accessed: 2017-06-29},
    howpublished = {\url{http://eprint.iacr.org/2017/444}},
    url={http://eprint.iacr.org/2017/444.pdf},
}

@misc{kokoris2017omniledger,
    author = {Eleftherios Kokoris-Kogias and Philipp Jovanovic and Linus Gasser and Nicolas Gailly and Bryan Ford},
    title = {OmniLedger: A Secure, Scale-Out, Decentralized Ledger},
    howpublished = {Cryptology ePrint Archive, Report 2017/406},
    year = {2017},
    note={Accessed: 2017-06-29},
    howpublished = {\url{http://eprint.iacr.org/2017/406}},
    url={http://eprint.iacr.org/2017/406.pdf},
}

@misc{perez2017double,
    author = {Cristina P{\' e}rez-Sol{\` a} and Sergi Delgado-Segura and Guillermo Navarro-Arribas and Jordi Herrera-Joancomart{\' i} },
    title = {Double-spending Prevention for Bitcoin zero-confirmation transactions},
    howpublished = {Cryptology ePrint Archive, Report 2017/394},
    year = {2017},
    note={Accessed: 2017-06-29},
    howpublished = {\url{http://eprint.iacr.org/2017/394}},
    url={http://eprint.iacr.org/2017/394.pdf},
}

@misc{wust2017do,
    author = {Karl W{\" u}st and Arthur Gervais},
    title = {Do you need a Blockchain?},
    howpublished = {Cryptology ePrint Archive, Report 2017/375},
    year = {2017},
    note={Accessed: 2017-06-29},
    howpublished = {\url{http://eprint.iacr.org/2017/375}},
    url={http://eprint.iacr.org/2017/375.pdf},
}

@misc{kumar2017traceability,
    author = {Amrit Kumar and Cl\'{e}ment Fischer and Shruti Tople and Prateek Saxena},
    title = {A Traceability Analysis of Monero's Blockchain},
    howpublished = {Cryptology ePrint Archive, Report 2017/338},
    year = {2017},
    note={Accessed: 2017-06-29},
    howpublished = {\url{http://eprint.iacr.org/2017/338}},
    url={http://eprint.iacr.org/2017/338.pdf},
}

@misc{cecchetti2017solidus,
    author = {Ethan Cecchetti and Fan Zhang and Yan Ji and Ahmed Kosba and Ari Juels and Elaine Shi},
    title = {Solidus: Confidential Distributed Ledger Transactions via PVORM},
    howpublished = {Cryptology ePrint Archive, Report 2017/317},
    year = {2017},
    howpublished = {\url{http://eprint.iacr.org/2017/317}},
    note={Accessed: 2017-06-29},
    url={http://eprint.iacr.org/2017/317.pdf},
}

@misc{bentov2017tortoise,
    author = {Iddo Bentov and Pavel Hub\'{a}\v{c}ek and Tal Moran and Asaf Nadler},
    title = {Tortoise and Hares Consensus: the Meshcash Framework for Incentive-Compatible, Scalable Cryptocurrencies},
    howpublished = {Cryptology ePrint Archive, Report 2017/300},
    year = {2017},
    howpublished = {\url{http://eprint.iacr.org/2017/300}},
    note={Accessed: 2017-06-29},
    url={http://eprint.iacr.org/2017/300.pdf},
}

@misc{narayanan2017obfuscation,
Author = {Arvind Narayanan and Malte M{\" o}ser},
Title = {Obfuscation in Bitcoin: Techniques and Politics},
Year = {2017},
howpublished = {https://arxiv.org/abs/1706.05432},
 note={Accessed: 2017-06-29},
url={https://arxiv.org/pdf/1706.05432.pdf},
}

@misc{recabarren2017hardening,
Author = {Ruben Recabarren and Bogdan Carbunar},
Title = {Hardening Stratum, the Bitcoin Pool Mining Protocol},
Year = {2017},
howpublished = {arXiv:1703.06545},
 note={Accessed: 2017-06-29},
url={https://arxiv.org/pdf/1703.06545.pdf},
}

@misc{fanti2017anonymity,
Author = {Giulia Fanti and Pramod Viswanath},
Title = {Anonymity Properties of the Bitcoin P2P Network},
Year = {2017},
howpublished = {arXiv:1703.08761},
 note={Accessed: 2017-06-29},
url={https://arxiv.org/pdf/1703.08761.pdf},
}

@misc{ren2017practical,
Author = {Ling Ren and Kartik Nayak and Ittai Abraham and Srinivas Devadas},
Title = {Practical Synchronous Byzantine Consensus},
Year = {2017},
howpublished = {arXiv:1704.02397},
 note={Accessed: 2017-06-29},
url={https://arxiv.org/pdf/1704.02397.pdf},
}

@misc{riemann2017distributed,
Author = {Robert Riemann and St{\' e}phane Grumbach},
Title = {Distributed Protocols at the Rescue for Trustworthy Online Voting},
Year = {2017},
howpublished = {arXiv:1705.04480},
Doi = {10.5220/0006228504990505},
 note={Accessed: 2017-06-29},
url={https://arxiv.org/pdf/1705.04480.pdf},
}

@misc{kiktenko2017quantum,
Author = {E. O. Kiktenko and N. O. Pozhar and M. N. Anufriev and A. S. Trushechkin and R. R. Yunusov and Y. V. Kurochkin and A. I. Lvovsky and A. K. Fedorov},
Title = {Quantum-secured blockchain},
Year = {2017},
howpublished = {arXiv:1705.09258},
 note={Accessed: 2017-06-29},
url={https://arxiv.org/pdf/1705.09258.pdf},
}

@misc{jaiyeola2017good,
Author = {Mercy O. Jaiyeola and Kyle Patron and Jared Saia and Maxwell Young and Qian M. Zhou},
Title = {Good Things Come in LogLog(n)-Sized Packages: Robustness with Small Quorums},
Year = {2017},
howpublished = {arXiv:1705.10387},
 note={Accessed: 2017-06-29},
url={https://arxiv.org/pdf/1705.10387.pdf},
}

@misc{ren2017implicit,
Author = {Zhijie Ren and Kelong Cong and Johan Pouwelse and Zekeriya Erkin},
Title = {Implicit Consensus: Blockchain with Unbounded Throughput},
Year = {2017},
howpublished = {arXiv:1705.11046},
 note={Accessed: 2017-06-29},
url={https://arxiv.org/pdf/1705.11046.pdf},
}

@misc{conti2017survey,
Author = {Mauro Conti and Sandeep Kumar E and Chhagan Lal and Sushmita Ruj},
Title = {A Survey on Security and Privacy Issues of Bitcoin},
Year = {2017},
howpublished = {arXiv:1706.00916},
 note={Accessed: 2017-06-29},
url={https://arxiv.org/pdf/1706.00916.pdf},
}

@misc{moinet2017blockchain,
Author = {Axel Moinet and Beno{\^ i}t Darties and Jean-Luc Baril},
Title = {Blockchain based trust {\&} authentication for decentralized sensor networks},
Year = {2017},
howpublished = {arXiv:1706.01730},
 note={Accessed: 2017-06-29},
url={https://arxiv.org/pdf/1706.01730.pdf},
}

@misc{moreno2017mind,
Author = {Pedro Moreno-Sanchez and Navin Modi and Raghuvir Songhela and Aniket Kate and Sonia Fahmy},
Title = {Mind Your Credit: Assessing the Health of the Ripple Credit Network},
Year = {2017},
howpublished = {arXiv:1706.02358},
 note={Accessed: 2017-06-29},
url={https://arxiv.org/pdf/1706.02358.pdf},
}

@misc{neisse2017blockchain,
Author = {Ricardo Neisse and Gary Steri and Igor Nai-Fovino},
Title = {A Blockchain-based Approach for Data Accountability and Provenance Tracking},
Year = {2017},
 howpublised = {arXiv:1706.04507},
 note={Accessed: 2017-06-29},
url={https://arxiv.org/pdf/1706.04507.pdf},
}

@misc{ball2017proofs,
  title={Proofs of Useful Work},
  author={Ball, Marshall and Rosen, Alon and Sabin, Manuel and Vasudevan, Prashant Nalini},
  journal={IACR Cryptology ePrint Archive},
  volume={2017},
  pages={203},
  year={2017}, 
  note={Accessed: 2017-06-29},
  url={http://eprint.iacr.org/2017/203.pdf}
}

  % howpublished = {Cryptology ePrint Archive, Report 2017/686},
@misc{zhang2017necessity,
    author = {Ren Zhang and Bart Preneel},
    title = {On the Necessity of a Prescribed Block Validity Consensus: Analyzing Bitcoin Unlimited Mining Protocol},
    year = {2017},
    howpublished = {\url{http://eprint.iacr.org/2017/686}},
    note={Accessed: 2017-07-20},
    url={http://eprint.iacr.org/2017/686.pdf}
}

@misc{meshkov2017revisiting,
    author = {Dmitry Meshkov and Alexander Chepurnoy and Marc Jansen},
    title = {Revisiting Difficulty Control for Blockchain Systems},
    howpublished = {Cryptology ePrint Archive, Report 2017/731},
    year = {2017},
    note={Accessed: 2017-08-03},
    url={http://eprint.iacr.org/2017/731.pdf}
}

@misc{zhang2017anonymous,
    author = {Huang Zhang and  Fangguo Zhang and  Haibo Tian and Man Ho Au},
    title = {Anonymous Post-Quantum Cryptocash},
    howpublished = {Cryptology ePrint Archive, Report 2017/716},
    year = {2017},
    note={Accessed: 2017-08-03},
    url = {http://eprint.iacr.org/2017/716.pdf}
}

@misc{poon2017plasma,
	author={Joseph Poon and Vitalik Buterin},
	title={Plasma: Scalable Autonomous Smart Contracts},
	howpublished={\url{https://www.plasma.io/}},
	year={2017},
	month={Aug},
	note={Accessed: 2017-08-10},
	url={https://plasma.io/plasma.pdf}
}

@misc{tang2017improved,
  title={Improved Hybrid Consensus Scheme with Privacy-preserving Property.},
  author={Tang, Shuyang and Liu, Zhiqiang and Liu, Zhen and Long, Yu and Liu, Shengli},
  howpublished={IACR Cryptology ePrint Archive},
  pages={192},
  year={2017},
note={Accessed: 2017-08-11},
  url={https://eprint.iacr.org/eprint-bin/getfile.pl?entry=2017/192&version=20170228:193152&file=192.pdf}
}

@misc{beccuti2017bitcoin,
  title={The Bitcoin Mining Game: On the Optimality of Honesty in Proof-of-work Consensus Mechanism},
  author={Beccuti, Juan and Jaag, Christian and others},
  year={2017},
  note={Accessed: 2017-08-11},
  url={http://www.swiss-economics.ch/RePEc/files/0060JaagBeccuti.pdf}
}

@misc{setty2017enabling,
author = {Setty, Srinath and Basu, Soumya and Zhou, Lidong and Roberts, Michael Lowell and Venkatesan, Ramarathnam},
title = {Enabling secure and resource-efficient blockchain networks with VOLT},
howpublished = {\url{https://www.microsoft.com/en-us/research/publication/enabling-secure-resource-efficient-blockchain-networks-volt/}},
year = {2017},
month = {August},
  note={Accessed: 2017-08-21},
url = {https://www.microsoft.com/en-us/research/wp-content/uploads/2017/08/volt.pdf},
}

@misc{garay2017proofs,
    author = {Juan A. Garay and Aggelos Kiayias and Giorgos Panagiotakos},
    title = {Proofs of Work for Blockchain Protocols},
    howpublished = {Cryptology ePrint Archive, Report 2017/775},
    year = {2017},
    note = {\url{http://eprint.iacr.org/2017/775}},
    url={https://eprint.iacr.org/2017/775.pdf}
}

@misc{dinh2017untangling,
  title={Untangling Blockchain: A Data Processing View of Blockchain Systems},
  author={Dinh, Tien Tuan Anh and Liu, Rui and Zhang, Meihui and Chen, Gang and Ooi, Beng Chin and Wang, Ji},
  howpublished={arXiv preprint arXiv:1708.05665},
  year={2017},
  note={Accessed: 2017-08-26},
  url={https://arxiv.org/pdf/1708.05665.pdf},
}

@misc{ozisik2017estimation,
Author = {A. Pinar Ozisik and George Bissias and Brian Levine},
Title = {Estimation of Miner Hash Rates and Consensus on Blockchains},
Year = {2017},
howpublished = {arXiv preprint arXiv:1707.00082},
note={Accessed:2017-09-25},
url={https://arxiv.org/pdf/1707.00082.pdf}
}

@misc{bartoletti2017general,
Author = {Massimo Bartoletti and Andrea Bracciali and Stefano Lande and Livio Pompianu},
Title = {A general framework for Bitcoin analytics},
Year = {2017},
howpublished = {arXiv:1707.01021},
note={Accessed:2017-09-25},
url={https://arxiv.org/pdf/1707.01021.pdf}
}

@misc{bruennler2017logic,
Author = {Kai Br{\" u}nnler and Dandolo Flumini and Thomas Studer},
Title = {A Logic of Blockchain Updates},
Year = {2017},
howpublished = {arXiv:1707.01766},
note={Accessed:2017-09-25},
url={https://arxiv.org/pdf/1707.01766.pdf}
}

@misc{dong2017betrayal,
Author = {Changyu Dong and Yilei Wang and Amjad Aldweesh and Patrick McCorry and Aad van Moorsel},
Title = {Betrayal, Distrust, and Rationality: Smart Counter-Collusion Contracts for Verifiable Cloud Computing},
Year = {2017},
howpublished = {arXiv:1708.01171},
note={Accessed:2017-09-25},
url={https://arxiv.org/pdf/1708.01171.pdf}
}

@misc{1708.03468,
Author = {Thanh Bui and Tuomas Aura},
Title = {Key exchange with the help of a public ledger},
Year = {2017},
howpublished = {arXiv:1708.03468},
note={Accessed:2017-09-25},
url={https://arxiv.org/pdf/1708.03468.pdf}
}

@misc{albassam2017chainspace,
Author = {Mustafa Al-Bassam and Alberto Sonnino and Shehar Bano and Dave Hrycyszyn and George Danezis},
Title = {Chainspace: A Sharded Smart Contracts Platform},
Year = {2017},
howpublished = {arXiv:1708.03778},
note={Accessed:2017-09-25},
url={https://arxiv.org/pdf/1708.03778.pdf}
}

@misc{goldfeder2017when,
Author = {Steven Goldfeder and Harry Kalodner and Dillon Reisman and Arvind Narayanan},
Title = {When the cookie meets the blockchain: Privacy risks of web payments via cryptocurrencies},
Year = {2017},
howpublished = {arXiv:1708.04748},
note={Accessed:2017-09-25},
url={https://arxiv.org/pdf/1708.04748.pdf}
}

@misc{tasca2017ontology,
Author = {Paolo Tasca and Thayabaran Thanabalasingham and Claudio J. Tessone},
Title = {Ontology of Blockchain Technologies. Principles of Identification and Classification},
Year = {2017},
howpublished = {arXiv:1708.04872},
note={Accessed:2017-09-25},
url={https://arxiv.org/pdf/1708.04872.pdf}
}

@misc{rosenfeld2017predicting,
Author = {Meni Rosenfeld},
Title = {Predicting Block Halving Party Times},
Year = {2017},
howpublished = {arXiv:1708.05185},
note={Accessed:2017-09-25},
url={https://arxiv.org/pdf/1708.05185.pdf}
}

@misc{chatzopoulos2017localcoin,
Author = {Dimitris Chatzopoulos and Sujit Gujar and Boi Faltings and Pan Hui},
Title = {LocalCoin: An Ad-hoc Payment Scheme for Areas with High Connectivity},
Year = {2017},
howpublished = {arXiv:1708.08086},
note={Accessed:2017-09-25},
url={https://arxiv.org/pdf/1708.08086.pdf}
}

@misc{oliver2017proposal,
Author = {Carlos G. Oliver and Alessandro Ricottone and Pericles Philippopoulos},
Title = {Proposal for a fully decentralized blockchain and proof-of-work algorithm for solving NP-complete problems},
Year = {2017},
howpublished = {arXiv:1708.09419},
note={Accessed:2017-09-25},
url={https://arxiv.org/pdf/1708.09419.pdf}
}

@misc{kwon2017selfish,
Author = {Yujin Kwon and Dohyun Kim and Yunmok Son and Eugene Vasserman and Yongdae Kim},
Title = {Be Selfish and Avoid Dilemmas: Fork After Withholding (FAW) Attacks on Bitcoin},
Year = {2017},
howpublished = {arXiv:1708.09790},
note={Accessed:2017-09-25},
url={https://arxiv.org/pdf/1708.09790.pdf}
}

@misc{kalodner2017blocksci,
Author = {Harry Kalodner and Steven Goldfeder and Alishah Chator and Malte M{\" o}ser and Arvind Narayanan},
Title = {BlockSci: Design and applications of a blockchain analysis platform},
Year = {2017},
howpublished = {arXiv:1709.02489},
note={Accessed:2017-09-25},
url={https://arxiv.org/pdf/1709.02489.pdf}
}

@misc{roos2017settling,
Author = {Stefanie Roos and Pedro Moreno-Sanchez and Aniket Kate and Ian Goldberg},
Title = {Settling Payments Fast and Private: Efficient Decentralized Routing for Path-Based Transactions},
Year = {2017},
howpublished = {arXiv:1709.05748},
note={Accessed:2017-09-25},
url={https://arxiv.org/pdf/1709.05748.pdf}
}

@misc{dubovitskaya2017secure,
Author = {Alevtina Dubovitskaya and Zhigang Xu and Samuel Ryu and Michael Schumacher and Fusheng Wang},
Title = {Secure and Trustable Electronic Medical Records Sharing using Blockchain},
Year = {2017},
howpublished = {arXiv:1709.06528},
note={Accessed:2017-09-25},
url={https://arxiv.org/pdf/1709.06528.pdf}
}

@misc{wang2017towards,
Author = {Liang Wang and Ivan Pustogarov},
Title = {Towards Better Understanding of Bitcoin Unreachable Peers},
Year = {2017},
howpublished = {arXiv:1709.06837},
note={Accessed:2017-09-25},
url={https://arxiv.org/pdf/1709.06837.pdf}
}

@misc{sousa2017byzantine,
Author = {Jo{\~ a}o Sousa and Alysson Bessani and Marko Vukoli{\' c}},
Title = {A Byzantine Fault-Tolerant Ordering Service for the Hyperledger Fabric Blockchain Platform},
Year = {2017},
howpublished = {arXiv:1709.06921},
note={Accessed:2017-09-25},
url={https://arxiv.org/pdf/1709.06921.pdf}
}

@misc{pinna2017petri,
Author = {Andrea Pinna and Roberto Tonelli and Matteo Orr{\' u} and Michele Marchesi},
Title = {A Petri Nets Model for Blockchain Analysis},
Year = {2017},
howpublished = {arXiv:1709.07790},
note={Accessed:2017-09-25},
url={https://arxiv.org/pdf/1709.07790.pdf}
}

@misc{badertscher2017bitcoin,
    author = {Christian Badertscher and Ueli Maurer and Daniel Tschudi and Vassilis Zikas},
    title = {Bitcoin as a Transaction Ledger: A Composable Treatment},
    howpublished = {Cryptology ePrint Archive, Report 2017/149},
    year = {2017},
    note={Accessed:2017-09-26},
    url={https://eprint.iacr.org/2017/149.pdf}
}

@misc{liu2017fork,
    author = {Zhiqiang Liu and Shuyang Tang and Sherman S.M. Chow and Zhen Liu and Yu Long},
    title = {Fork-Free Hybrid Consensus with Flexible Proof-of-Activity},
    howpublished = {Cryptology ePrint Archive, Report 2017/367},
    year = {2017},
   note={Accessed:2017-09-26},
    url={http://eprint.iacr.org/2017/367.pdf}
}

@misc{zhang2017zchannel,
    author = {Yuncong Zhang and Yu Long and Zhen Liu and Zhiqiang Liu and Dawu Gu},
    title = {Z-Channel: Scalable and Efficient Scheme in Zerocash},
    howpublished = {Cryptology ePrint Archive, Report 2017/684},
    year = {2017},
 note={Accessed:2017-09-26},
    url={http://eprint.iacr.org/2017/684.pdf}
}

@misc{khalil2017revive,
    author = {Rami Khalil and Arthur Gervais},
    title = {Revive: Rebalancing Off-Blockchain Payment Networks},
    howpublished = {Cryptology ePrint Archive, Report 2017/823},
    year = {2017},
    note={Accessed:2017-09-26},
    url={http://eprint.iacr.org/2017/823.pdf}
}

@misc{sanchez2017raziel,
    author = {David Cerezo S{\' a}nchez},
    title = {Raziel: Private and Verifiable Smart Contracts on Blockchains},
    howpublished = {Cryptology ePrint Archive, Report 2017/878},
    year = {2017},
    note={Accessed:2017-09-26},
    url={http://eprint.iacr.org/2017/878.pdf}
}

@misc{meiklejohn2017moebius,
    author = {Sarah Meiklejohn and Rebekah Mercer},
    title = {M{\"o}bius: Trustless Tumbling for Transaction Privacy},
    howpublished = {Cryptology ePrint Archive, Report 2017/881},
    year = {2017},
    note={Accessed:2017-09-26},
    url={http://eprint.iacr.org/2017/881.pdf}
}

@misc{david2017kaleidoscope,
    author = {Bernardo David and Rafael Dowsley and Mario Larangeira},
    title = {Kaleidoscope: An Efficient Poker Protocol  with Payment Distribution and Penalty Enforcement},
    howpublished = {Cryptology ePrint Archive, Report 2017/899},
    year = {2017},
    note={Accessed:2017-09-26},
    url={http://eprint.iacr.org/2017/899.pdf}
}

@misc{pass2017thunderella,
    author = {Rafael Pass and Elaine Shi},
    title = {Thunderella: Blockchains with Optimistic Instant Confirmation},
    howpublished = {Cryptology ePrint Archive, Report 2017/913},
    year = {2017},
    note={Accessed:2017-09-26},
    url={http://eprint.iacr.org/2017/913.pdf}
}

@misc{eckey2017efficient,
    author = {Lisa Eckey and Sebastian Faust and Julian Loss},
    title = {Efficient Algorithms for Broadcast and Consensus Based on Proofs of Work},
    howpublished = {Cryptology ePrint Archive, Report 2017/915},
    year = {2017},
    note={Accessed:2017-09-26},
    url={http://eprint.iacr.org/2017/915.pdf}
}

@misc{sun2017ringct,
    author = {Shi-Feng Sun and Man Ho Au and Joseph K. Liu and Tsz Hon Yuen and Dawu Gu},
    title = {RingCT 2.0: A Compact Accumulator-Based (Linkable Ring Signature) Protocol for Blockchain Cryptocurrency Monero},
    howpublished = {Cryptology ePrint Archive, Report 2017/921},
    year = {2017},
    note={Accessed:2017-09-26},
    url={http://eprint.iacr.org/2017/921.pdf}
}

@misc{goyal2017overcoming,
    author = {Rishab Goyal and Vipul Goyal},
    title = {Overcoming Cryptographic Impossibility Results using Blockchains},
    howpublished = {Cryptology ePrint Archive, Report 2017/935},
    year = {2017},
   note={Accessed:2017-09-26},
    url={http://eprint.iacr.org/2017/935.pdf}
}

@misc{cachin2017blockchain,
    Author = {Christian Cachin and Marko Vukoli{\'c}},
    Title = {Blockchain Consensus Protocols in the Wild},
    Year = {2017},
    howpublished = {arXiv:1707.01873},
    note={Accessed:2017-09-26},
    url={https://arxiv.org/pdf/1707.01873.pdf}
}

@misc{kiayias2017noninteractive,
    author = {Aggelos Kiayias and Andrew Miller and Dionysis Zindros},
    title = {Non-interactive proofs of proof-of-work},
    howpublished = {Cryptology ePrint Archive, Report 2017/963},
    year = {2017},
    note={Accessed:2017-10-03},
    url={https://eprint.iacr.org/2017/963.pdf},
}

@misc{fisch2017socially,
  title={Socially Optimal Mining Pools},
  author={Fisch, Ben A and Pass, Rafael and Shelat, Abhi},
  howpublished={arXiv preprint arXiv:1703.03846},
  year={2017},
  note={Accessed:2017-10-05},
  url={https://arxiv.org/pdf/1703.03846.pdf}
}

@misc{teutsch2017scalable,
 title={A scalable verification solution for blockchains},
 author={Jason Teutsch and Christian Reitwie{\ss}ner},
 howpublished={\url{https://truebit.io/}},
 year={2017},
 month={March},
 note={Accessed:2017-10-06},
 url={https://people.cs.uchicago.edu/~teutsch/papers/truebit.pdf}
}

@misc{tran2017obscuro,
    author = {Muoi Tran and Loi Luu and Min Suk Kang and Iddo Bentov and Prateek Saxena},
    title = {Obscuro: A Bitcoin Mixer using Trusted Execution Environments},
    howpublished = {Cryptology ePrint Archive, Report 2017/974},
    year = {2017},
    note={Accessed:2017-10-06},
    url={http://eprint.iacr.org/2017/974.pdf},
}

@misc{alwen2017moderately,
    author = {Jo{\" e}l Alwen and Bj{\" o}rn Tackmann},
    title = {Moderately Hard Functions: Definition, Instantiations, and Applications},
    howpublished = {Cryptology ePrint Archive, Report 2017/945},
    year = {2017},
    note={Accessed:2017-10-06},
    url={http://eprint.iacr.org/2017/945.pdf},
}

@misc{alharby2017blockchain,
Author = {Maher Alharby and Aad van Moorsel},
Title = {Blockchain-based Smart Contracts: A Systematic Mapping Study},
Year = {2017},
Howpublished = {Fourth International Conference on Computer Science and
  Information Technology (CSIT-2017)},
    note={Accessed:2017-10-20},
 url={https://arxiv.org/pdf/1710.06372.pdf}
}

@misc{ali2017nuts,
Author = {Syed Taha Ali and Dylan Clarke and Patrick McCorry},
Title = {The Nuts and Bolts of Micropayments: A Survey},
Year = {2017},
howpublished = {arXiv:1710.02964},
    note={Accessed:2017-10-20},
   url={https://arxiv.org/pdf/1710.02964.pdf}
}

@misc{augot2017transforming,
Author = {Daniel Augot and Herv{\' e} Chabanne and Olivier Cl{\' e}mot and William George},
Title = {Transforming face-to-face identity proofing into anonymous digital identity using the Bitcoin blockchain},
Year = {2017},
howpublished = {arXiv:1710.02951},
    note={Accessed:2017-10-20},
   url={https://arxiv.org/pdf/1710.02951.pdf}
}

@misc{aggarwal2017quantum,
Author = {Divesh Aggarwal and Gavin K. Brennen and Troy Lee and Miklos Santha and Marco Tomamichel},
Title = {Quantum attacks on Bitcoin, and how to protect against them},
Year = {2017},
howpublished = {arXiv:1710.10377},
    note={Accessed:2017-11-06},
   url={https://arxiv.org/pdf/1710.10377.pdf}
}

@misc{buterin2017casper,
Author = {Vitalik Buterin and Virgil Griffith},
Title = {Casper the Friendly Finality Gadget},
Year = {2017},
howpublished = {arXiv:1710.09437},
    note={Accessed:2017-11-06},
   url={https://arxiv.org/pdf/1710.09437.pdf}
}

@misc{blass2017strain,
    author = {Erik-Oliver Blass and Florian Kerschbaum},
    title = {Strain: A Secure Auction for Blockchains},
    howpublished = {Cryptology ePrint Archive, Report 2017/1044},
    year = {2017},
    note={Accessed:2017-11-06},
    url = {http://eprint.iacr.org/2017/1044.pdf},
}

@misc{eze2017triplicate,
  title={A Triplicate Smart Contract Model using Blockchain Technology},
  author={Eze, Peter and Eziokwu, Tochukwu and Okpara, Chinedu},
  year={2017},
  note={Accessed:2017-11-06},
  url={https://www.researchgate.net/profile/Peter_Eze7/publication/317349621_A_Triplicate_Smart_Contract_Model_using_Blockchain_Technology/links/5937782c4585158f6464595f/A-Triplicate-Smart-Contract-Model-using-Blockchain-Technology.pdf}
}

@misc{chepurnoy2017space,
    author = {Alexander Chepurnoy and Dmitry Meshkov},
    title = {On Space-Scarce Economy In Blockchain Systems},
    howpublished = {Cryptology ePrint Archive, Report 2017/644},
    year = {2017},
    note={Accessed:2017-11-06},
    url={http://eprint.iacr.org/2017/644.pdf},
}

@misc{bissias2017bobtail,
Author = {George Bissias and Brian Neil Levine},
Title = {Bobtail: A Proof-of-Work Target that Minimizes Blockchain Mining Variance},
Year = {2017},
howpublished = {arXiv:1709.08750},
note={Accessed:2017-11-10},
url={https://arxiv.org/pdf/1709.08750.pdf}
}

@misc{buenz2017efficient,
Author = {Benedikt B{\" u}nz and Jonathan Bootle and Dan Boneh and Andrew Poelstra and Pieter Wuille and Greg Maxwell},
Title = {Bulletproofs: Efficient Range Proofs for Confidential Transactions},
Year = {2017},
howpublished = {\url{http://web.stanford.edu/~buenz/pubs/}},
note={Accessed:2017-11-10},
url={http://web.stanford.edu/~buenz/pubs/bulletproofs.pdf}
}

@misc{espel2017proposal,
    author = {Thomas Espel and Laurent Katz and Guillaume Robin},
    title = {Proposal for Protocol on a Quorum Blockchain with Zero Knowledge},
    howpublished = {Cryptology ePrint Archive, Report 2017/1093},
    year = {2017},
note={Accessed:2017-11-14},
    url={https://eprint.iacr.org/2017/1093.pdf}
}

@misc{dziembowski2017perun,
    author = {Stefan Dziembowski and Lisa Eckey and Sebastian Faust and Daniel Malinowski},
    title = {PERUN: Virtual Payment Channels over Cryptographic Currencies},
    howpublished = {Cryptology ePrint Archive, Report 2017/635},
    year = {2017},
note={Accessed:2017-11-20},
    url={https://eprint.iacr.org/2017/635.pdf}
}

@misc{atzei2017formal,
    author = {Nicola Atzei and Massimo Bartoletti and Stefano Lande and Roberto Zunino},
    title = {A formal model of Bitcoin transactions},
    howpublished = {Cryptology ePrint Archive, Report 2017/1124},
    year = {2017},
    note={Accessed:2017-12-04},
    url={https://eprint.iacr.org/2017/1124.pdf}
}

@misc{bentov2017tesseract,
    author = {Iddo Bentov and Yan Ji and Fan Zhang and Yunqi Li and Xueyuan Zhao and Lorenz Breidenbach and Philip Daian and Ari Juels},
    title = {Tesseract: Real-Time Cryptocurrency Exchange using Trusted Hardware},
    howpublished = {Cryptology ePrint Archive, Report 2017/1153},
    year = {2017},
    note={Accessed:2017-12-04},
    url={https://eprint.iacr.org/2017/1153.pdf}
}

@misc{mavridou2017designing,
Author = {Anastasia Mavridou and Aron Laszka},
Title = {Designing Secure Ethereum Smart Contracts: A Finite State Machine Based Approach},
Year = {2017},
 note={Accessed:2017-12-04},
 howpublished = {arXiv:1711.09327},
 url={https://arxiv.org/pdf/1711.09327.pdf}
}

@misc{kiran2017dynamic,
Author = {Ravi Kiran Raman and Lav R. Varshney},
Title = {Dynamic Distributed Storage for Scaling Blockchains},
Year = {2017},
note={Accessed:2017-12-04},
Eprint = {arXiv:1711.07617},
url={https://arxiv.org/pdf/1711.07617.pdf}
}

@misc{quesnelle2017linkability,
Author = {Jeffrey Quesnelle},
Title = {On the linkability of Zcash transactions},
Year = {2017},
howpublished = {arXiv:1712.01210},
note={Accessed:2017-12-11},
url={https://arxiv.org/pdf/1712.01210.pdf}
}


@misc{bano2017consensus,
Author = {Shehar Bano and Alberto Sonnino and Mustafa Al-Bassam and Sarah Azouvi and Patrick McCorry and Sarah Meiklejohn and George Danezis},
Title = {Consensus in the Age of Blockchains},
Year = {2017},
howpublished = {arXiv:1711.03936},
note={Accessed:2017-12-11},
url={https://arxiv.org/pdf/1711.03936.pdf}
}

@misc{engelmann2017towards,
Author = {Felix Engelmann and Florian Glaser and Henning Kopp and Frank Kargl and Christof Weinhardt},
Title = {Towards an Economic Analysis of Routing in Payment Channel Networks},
Year = {2017},
howpublished = {arXiv:1711.02597},
Doi = {10.1145/3152824.3152826},
note={Accessed:2017-12-11},
url={https://arxiv.org/pdf/1711.02597.pdf}
}

@misc{norvill2017automated,
  title={Automated labeling of unknown contracts in Ethereum},
  author={Norvill, R and Awan, Irfan U and Pontiveros, BBF and Cullen, Andrea J and others},
  year={2017},
  note={Accessed:2017-12-11},
  howpublished = {\url{https://bradscholars.brad.ac.uk/bitstream/handle/10454/12220/automated-labeling-unknown(5).pdf}},
  url= {https://bradscholars.brad.ac.uk/bitstream/handle/10454/12220/automated-labeling-unknown(5).pdf}
}

@misc{liu2017strategy,
    author = {Hanqing Liu and Na Ruan and Rongtian Du and Weijia Jia},
    title = {On the Strategy and Behavior of Bitcoin Mining with N-attackers},
    howpublished = {Cryptology ePrint Archive, Report 2017/1255},
    year = {2017},
    note={Accessed:2018-01-03},
    url = {https://eprint.iacr.org/2017/1255.pdf}
}

@misc{branzei2017how,
Author = {Simina Br{\^ a}nzei and Erel Segal-Halevi and Aviv Zohar},
Title = {How to Charge Lightning},
Year = {2017},
howpublished = {arXiv:1712.10222},
note={Accessed:2018-01-03},
url={https://arxiv.org/pdf/1712.10222.pdf}
}

@misc{ersoy2017information,
Author = {Oguzhan Ersoy and Zhijie Ren and Zekeriya Erkin and Reginald L. Lagendijk},
Title = {Information Propagation on Permissionless Blockchains},
Year = {2017},
howpublished = {arXiv:1712.07564},
note={Accessed:2018-01-03},
url={https://arxiv.org/pdf/1712.07564.pdf}
}

@misc{albassam2017contour,
Author = {Mustafa Al-Bassam and Sarah Meiklejohn},
Title = {Contour: A Practical System for Binary Transparency},
Year = {2017},
howpublished = {arXiv:1712.08427},
note={Accessed:2018-01-03},
url={https://arxiv.org/pdf/1712.08427.pdf}
}

@misc{tikhomirov2017ethereum,
  title={Ethereum: state of knowledge and research perspectives},
  author={Tikhomirov, Sergei},
  year={2017},
  note={Accessed:2018-01-05},
  url={http://orbilu.uni.lu/bitstream/10993/32468/1/ethereum-sok.pdf}
}

@misc{abraham2017efficient,
    author = {Ittai Abraham and Srinivas Devadas and Danny Dolev and Kartik Nayak and Ling Ren},
    title = {Efficient Synchronous Byzantine Consensus},
    howpublished = {Cryptology ePrint Archive, Report 2017/307},
    year = {2017},
    url = {https://eprint.iacr.org/2017/307.pdf},
    note={Accessed:2018-02-07}
}

@misc{micali2017byzantine,
	author = {Silvio Micali},
	title = {Byzantine Agreement, Made Trivial},
	howpublished = { https://people.csail.mit.edu/silvio/Selected%20Scientific%20Papers/Distributed%20Computation/ },
	year = {2017},
	month = {Apr},
	note = {Accessed:2018-02-21},
}

@misc{garay2017blockchain,
    author = {Juan A. Garay and Aggelos Kiayias and Giorgos Panagiotakos},
    title = {Blockchain and Consensus from Proofs of Work  without Random Oracles},
    howpublished = {Cryptology ePrint Archive, Report 2017/775},
    year = {2017},
    url = {https://eprint.iacr.org/2017/775.pdf},
}

@misc{crain2017dbft,
Author = {Tyler Crain and Vincent Gramoli and Mikel Larrea and Michel Raynal},
Title = {DBFT: Efficient Byzantine Consensus with a Weak Coordinator and its Application to Consortium Blockchains},
Year = {2017},
howpublished = {https://arxiv.org/abs/1702.03068},
url = {https://arxiv.org/pdf/1702.03068.pdf}
}

@misc{bentov2018tesseract,
    author = {Iddo Bentov and Yan Ji and Fan Zhang and Yunqi Li and Xueyuan Zhao and Lorenz Breidenbach and Philip Daian and Ari Juels},
    title = {Tesseract: Real-Time Cryptocurrency Exchange using Trusted Hardware},
    howpublished = {Cryptology ePrint Archive, Report 2017/1153},
    year = {2017},
    url = {https://eprint.iacr.org/2017/1153.pdf},
}

@misc{li2018designing,
    author = {Taotao Li and Parhat Abla and Mingsheng Wang and Qianwen Wei},
    title = {Designing Proof of Transaction Puzzles for Cryptocurrency},
    howpublished = {Cryptology ePrint Archive, Report 2017/1242},
    year = {2017},
    url = {https://eprint.iacr.org/2017/1242.pdf},
}

@misc{sergey2018scilla,
Author = {Ilya Sergey and Amrit Kumar and Aquinas Hobor},
Title = {Scilla: a Smart Contract Intermediate-Level LAnguage},
Year = {2018},
howpublished = {arXiv:1801.00687},
note={Accessed:2018-01-08},
url={https://arxiv.org/pdf/1801.00687.pdf}
}

@misc{grossman2018online,
Author = {Shelly Grossman and Ittai Abraham and Guy Golan-Gueta and Yan Michalevsky and Noam Rinetzky and Mooly Sagiv and Yoni Zohar},
Title = {Online Detection of Effectively Callback Free Objects with Applications to Smart Contracts},
Year = {2018},
howpublished = {arXiv:1801.04032},
note={Accessed:2018-01-17},
url={https://arxiv.org/pdf/1801.04032.pdf}
}

@misc{chatterjee2018quantitative,
Author = {Krishnendu Chatterjee and Amir Kafshdar Goharshady and Yaron Velner},
Title = {Quantitative Analysis of Smart Contracts},
Year = {2018},
howpublished = {arXiv:1801.03367},
note={Accessed:2018-01-17},
url={https://arxiv.org/pdf/1801.03367.pdf}
}

@misc{dunphy2018first,
Author = {Paul Dunphy and Fabien A. P. Petitcolas},
Title = {A First Look at Identity Management Schemes on the Blockchain},
Year = {2018},
howpublished = {arXiv:1801.03294},
note={Accessed:2018-01-17},
url={https://arxiv.org/pdf/1801.03294.pdf}
}


@misc{singh2018violable,
Author = {Munindar P. Singh and Amit K. Chopra},
Title = {Violable Contracts and Governance for Blockchain Applications},
Year = {2018},
howpublished = {arXiv:1801.02672},
note={Accessed:2018-01-17},
url={https://arxiv.org/pdf/1801.02672.pdf}
}

@misc{chen2018towards,
Author = {Yize Chen and Quanlai Li and Hao Wang},
Title = {Towards Trusted Social Networks with Blockchain Technology},
Year = {2018},
howpublished = {arXiv:1801.02796},
note={Accessed:2018-01-17},
url={https://arxiv.org/pdf/1801.02796.pdf}
}

@misc{shudo2018towards,
Author = {Kazuyuki Shudo and Kenji Saito},
Title = {Towards Application Portability on Blockchains},
Year = {2018},
howpublished = {arXiv:1801.01421},
note={Accessed:2018-01-17},
url={https://arxiv.org/pdf/1801.01421.pdf}
}

@misc{ren2018scaleout,
Author = {Zhijie Ren and Zekeriya Erkin},
Title = {A Scale-out Blockchain for Value Transfer with Spontaneous Sharding},
Year = {2018},
howpublished = {arXiv:1801.02531},
note={Accessed:2018-01-17},
url={https://arxiv.org/pdf/1801.02531.pdf}
}

@misc{aggarwal2018simple,
    author = {Abhinav Aggarwal and Yue Guo},
    title = {A Simple Reduction from State Machine Replication to Binary Agreement in Partially Synchronous or Asynchronous Networks},
    howpublished = {Cryptology ePrint Archive, Report 2018/060},
    year = {2018},
    note= {Accessed:2018-01-17},
    url = {https://eprint.iacr.org/2018/060.pdf}
}

@misc{maxwell2018simple,
    author = {Gregory Maxwell and Andrew Poelstra and Yannick Seurin and Pieter Wuille},
    title = {Simple Schnorr Multi-Signatures with Applications to Bitcoin},
    howpublished = {Cryptology ePrint Archive, Report 2018/068},
    year = {2018},
    note = {Accessed:2018-01-22},
    url = {https://eprint.iacr.org/2018/068.pdf}
}


@misc{krafft2018experimental,
  author = {Peter M Krafft and Nicol{\' a}s Della Penna and Alex Pentland},
  title = {{A}n {E}xperimental {S}tudy of {C}ryptocurrency {M}arket {D}ynamics},
  year = {2018},
  eprint = {1801.05831},
  howpublished = {Peter Krafft, Nicol\'as Della Penna, Alex Pentland. (2018). An Experimental Study of Cryptocurrency Market Dynamics. ACM CHI Conference on Human Factors in Computing Systems (CHI)},
  doi = {10.1145/3173574.3174179},
  note = {Accessed:2018-01-22},
  url = {http://arxiv.org/pdf/1801.05831.pdf}
}


@misc{sompolinsky2018phantom,
    author = {Yonatan Sompolinsky and Aviv Zohar},
    title = {PHANTOM: A Scalable BlockDAG Protocol},
    howpublished = {Cryptology ePrint Archive, Report 2018/104},
    year = {2018},
    note = {Accessed:2018-01-31},
    url = {https://eprint.iacr.org/2018/104.pdf},
}

@misc{herlihy2018atomic,
Author = {Maurice Herlihy},
Title = {Atomic Cross-Chain Swaps},
Year = {2018},
howpublished = {arXiv:1801.09515},
note = {Accessed:2018-01-31},
url = {https://arxiv.org/pdf/1801.09515.pdf},
}

@misc{harz2018scalability,
Author = {Dominik Harz and Magnus Boman},
Title = {The Scalability of Trustless Trust},
Year = {2018},
howpublished = {arXiv:1801.09535},
note = {Accessed:2018-01-31},
url = {https://arxiv.org/pdf/1801.09535.pdf},
}

@misc{zhang2018smart,
Author = {Yuanyu Zhang and Shoji Kasahara and Yulong Shen and Xiaohong Jiang and Jianxiong Wan},
Title = {Smart Contract-Based Access Control for the Internet of Things},
Year = {2018},
howpublished = {arXiv:1802.04410},
note = {Accessed:2018-02-16},
url = {https://arxiv.org/pdf/1802.04410.pdf},
}

@misc{cohen2018simple,
    author = {Bram Cohen and Krzysztof Pietrzak},
    title = {Simple Proofs of Sequential Work},
    howpublished = {Cryptology ePrint Archive, Report 2018/183},
    year = {2018},
    note = {Accessed:2018-02-16},
    url = {https://eprint.iacr.org/2018/183.pdf},
}

@misc{badertscher2018but,
    author = {Christian Badertscher and Juan Garay and Ueli Maurer and Daniel Tschudi and Vassilis Zikas},
    title = {But Why does it Work? A Rational Protocol Design Treatment of Bitcoin},
    howpublished = {Cryptology ePrint Archive, Report 2018/138},
    year = {2018},
    note = {Accessed:2018-02-16},
    url = {https://eprint.iacr.org/2018/138.pdf},
}

@misc{matzutt2018thwarting,
  title={Thwarting Unwanted Blockchain Content Insertion},
  author={Matzutt, Roman and Henze, Martin and Ziegeldorf, Jan Henrik and Hiller, Jens and Wehrle, Klaus},
  year = {2018},
  note = {Accessed:2018-02-28},
  url = {https://www.comsys.rwth-aachen.de/fileadmin/papers/2018/2018-matzutt-blockchain-contents-countermeasures.pdf}
}

@misc{atzei2018sok,
  title={SoK: unraveling Bitcoin smart contracts},
  author={Atzei, Nicola and Bartoletti, Massimo and Cimoli, Tiziana and Lande, Stefano and Zunino, Roberto},
  year={2018},
 note = {Accessed:2018-03-01},
 url = {https://eprint.iacr.org/2018/192.pdf}
}

@misc{gazi2018stake,
    author = {Peter Ga\v{z}i and Aggelos Kiayias and Alexander Russell},
    title = {Stake-Bleeding Attacks on Proof-of-Stake Blockchains},
    howpublished = {Cryptology ePrint Archive, Report 2018/248},
    year = {2018},
    note = {Accessed:2018-03-12},
    url = {https://eprint.iacr.org/2018/248.pdf},
}

@misc{wang2018limit,
    author = {Yongge Wang and Qutaibah m. Malluhi},
    title = {The Limit of Blockchains: Infeasibility of a Smart Obama-Trump Contract},
    howpublished = {Cryptology ePrint Archive, Report 2018/252},
    year = {2018},
    note = {Accessed:2018-03-12},
    url = {https://eprint.iacr.org/2018/252.pdf},
}

@misc{eskandari2018first,
Author = {Shayan Eskandari and Andreas Leoutsarakos and Troy Mursch and Jeremy Clark},
Title = {A first look at browser-based Cryptojacking},
Year = {2018},
howpublished = {arXiv:1803.02887},
    note = {Accessed:2018-03-12},
url = {https://arxiv.org/pdf/1803.02887.pdf},
}

@misc{fernandez2018formalizing,
Author = {Antonio Fern\'{a}ndez Anta and Chryssis Georgiou and Kishori Konwar and Nicolas Nicolaou},
Title = {Formalizing and Implementing Distributed Ledger Objects},
Year = {2018},
howpublished = {arXiv:1802.07817},
    note = {Accessed:2018-03-12},
url = {https://arxiv.org/pdf/1802.07817.pdf},
}

@misc{grishchenko2018semantic,
Author = {Ilya Grishchenko and Matteo Maffei and Clara Schneidewind},
Title = {A Semantic Framework for the Security Analysis of Ethereum smart contracts},
Year = {2018},
howpublished = {arXiv:1802.08660},
    note = {Accessed:2018-03-12},
url = {https://arxiv.org/pdf/1802.08660.pdf},
}

@misc{bartoletti2018data,
Author = {Massimo Bartoletti and Barbara Pes and Sergio Serusi},
Title = {Data mining for detecting Bitcoin Ponzi schemes},
Year = {2018},
howpublished = {arXiv:1803.006},
    note = {Accessed:2018-03-12},
url = {https://arxiv.org/pdf/1803.00646.pdf},
}

@misc{martens2018reviewchain,
Author = {Daniel Martens and Walid Maalej},
Title = {ReviewChain: Untampered Product Reviews on the Blockchain},
Year = {2018},
howpublished = {arXiv:1803.01661},
    note = {Accessed:2018-03-12},
url = {https://arxiv.org/pdf/1803.01661.pdf},
}

@misc{li2018survey,
Author = {Xiaoqi Li and Peng Jiang and Ting Chen and Xiapu Luo and Qiaoyan Wen},
Title = {A Survey on the Security of Blockchain Systems},
Year = {2018},
Howpublished = {Li X, Jiang P, Chen T, Luo X, Wen Q. A survey on the security of blockchain systems, Future Generation Computer Systems (2017)},
    note = {Accessed:2018-03-12},
url = {https://arxiv.org/pdf/1802.06993.pdf},
}

@misc{macbrough2018cobalt,
Author = {Ethan MacBrough},
Title = {Cobalt: BFT Governance in Open Networks},
Year = {2018},
howpublished = {arXiv:1802.07240},
    note = {Accessed:2018-03-12},
url = {https://arxiv.org/pdf/1802.07240.pdf},
}

@misc{chase2018analysis,
Author = {Brad Chase and Ethan MacBrough},
Title = {Analysis of the XRP Ledger Consensus Protocol},
Year = {2018},
howpublished = {arXiv:1802.07242},
    note = {Accessed:2018-03-12},
url = {https://arxiv.org/pdf/1802.07242.pdf},
}

@misc{covaci2018nectar,
Author = {Alexandra Covaci and Simone Madeo and Patrick Motylinski and St{\'e}phane Vincent},
Title = {NECTAR: Non-Interactive Smart Contract Protocol using Blockchain Technology},
Year = {2018},
howpublished = {arXiv:1803.04860},
Doi = {10.1145/3194113.3194116},
url = {https://arxiv.org/pdf/1803.04860.pdf},
}

@misc{abraham2018hotstuff,
Author = {Ittai Abraham and Guy Gueta and Dahlia Malkhi},
Title = {Hot-Stuff the Linear, Optimal-Resilience, One-Message BFT Devil},
Year = {2018},
howpublished = {arXiv:1803.05069},
url = {https://arxiv.org/pdf/1803.05069.pdf},
}

@misc{cohen2018database,
Author = {Sara Cohen and Aviv Zohar},
Title = {Database Perspectives on Blockchains},
Year = {2018},
howpublished = {arXiv:1803.06015},
url = {https://arxiv.org/pdf/1803.06015.pdf},
}

@misc{hanke2018dfinity,
Author = {Time Hanke and Mahnush Movahedi and Dominic Williams},
Title = {DFINITY Technology Overview Series Consensus System},
Year = {2018},
note = {Rev. 1},
url = {https://dfinity.org/pdf-viewer/library/dfinity-consensus.pdf},
}

@misc{stewart2018committing,
  title={Committing to Quantum Resistance: A Slow Defence for Bitcoin against a Fast Quantum Computing Attack},
  author={Stewart, I and Ilie, D and Zamyatin, A and Werner, S and Torshizi, MF and Knottenbelt, WJ},
  howpublished = {Cryptology ePrint Archive, Report 2018/213},
  year = {2018},
  url = {https://eprint.iacr.org/2018/213.pdf}
}

@article{bartoletti2018bitcoinponzi,
  author    = {Massimo Bartoletti and
               Barbara Pes and
               Sergio Serusi},
  title     = {Data mining for detecting Bitcoin Ponzi schemes},
  journal   = {CoRR},
  volume    = {abs/1803.00646},
  year      = {2018},
  url       = {http://arxiv.org/abs/1803.00646},
  archivePrefix = {arXiv},
  eprint    = {1803.00646},
  timestamp = {Tue, 10 Apr 2018 20:50:05 +0200},
  biburl    = {https://dblp.org/rec/bib/journals/corr/abs-1803-00646},
  bibsource = {dblp computer science bibliography, https://dblp.org}
}

@misc{schindler2018hydrand,
    author = {Philipp Schindler and Aljosha Judmayer and Nicholas Stifter and Edgar Weippl},
    title = {HydRand: Practical Continuous Distributed Randomness},
    howpublished = {Cryptology ePrint Archive, Report 2018/319},
    year = {2018},
    url = {https://eprint.iacr.org/2018/319.pdf},
}

@misc{stifter2018agreement,
    author = {Nicholas Stifter and Aljosha Judmayer and Philipp Schindler and Alexei Zamyatin and Edgar Weippl},
    title = {Agreement with Satoshi - On the Formalization of Nakamoto Consensus},
    howpublished = {Cryptology ePrint Archive, Report 2018/400},
    year = {2018},
    url = {https://eprint.iacr.org/2018/400.pdf},
}

@misc{wan2018goshawk,
    author = {Cencen Wan and Shuyang Tang and Yuncong Zhang and Chen Pan and Zhiqiang Liu and Yu Long and Zhen Liu and Yu Yu},
    title = {Goshawk: A Novel Efficient, Robust and Flexible Blockchain Protocol},
    howpublished = {Cryptology ePrint Archive, Report 2018/407},
    year = {2018},
    url = {https://eprint.iacr.org/2018/407.pdf},
}

@misc{yu2018repucoin,
    author = {Jiangshan Yu and David Kozhaya and Jeremie Decouchant and Paulo Esteves-Verissimo},
    title = {RepuCoin: Your Reputation is Your Power},
    howpublished = {Cryptology ePrint Archive, Report 2018/239},
    year = {2018},
    url = {https://eprint.iacr.org/2018/239.pdf},
}

@misc{zamani2018rapidchain,
    author = {Mahdi Zamani and Mahnush Movahedi and Mariana Raykova},
    title = {RapidChain: A Fast Blockchain Protocol via Full Sharding},
    howpublished = {Cryptology ePrint Archive, Report 2018/460},
    year = {2018},
    url = {https://eprint.iacr.org/2018/460.pdf},
}

@misc{boneh2018compact,
    author = {Dan Boneh and Manu Drijvers and Gregory Neven},
    title = {Compact Multi-Signatures for Smaller Blockchains},
    howpublished = {Cryptology ePrint Archive, Report 2018/483},
    year = {2018},
    url = {https://eprint.iacr.org/2018/483.pdf},
}

@misc{zhang2018treasury,
    author = {Bingsheng Zhang and Roman Oliynykov and Hamed Balogun},
    title = {A Treasury System for Cryptocurrencies: Enabling Better Collaborative Intelligence},
    howpublished = {Cryptology ePrint Archive, Report 2018/435},
    year = {2018},
    url = {https://eprint.iacr.org/2018/435.pdf},
}

@misc{yu2018platform,
    author = {Bin Yu and Joseph Liu and Amin Sakzad and Surya Nepal and Paul Rimba and Ron Steinfeld and Man Ho Au},
    title = {Platform-independent Secure Blockchain-Based Voting System},
    howpublished = {Cryptology ePrint Archive, Report 2018/657},
    year = {2018},
    url = {https://eprint.iacr.org/2018/657.pdf},
}

@misc{zhou2018loamit,
    author = {Lijing Zhou and Licheng Wang and Yiru Sun and Pin Lv},
    title = {Loamit: A Blockchain-based Residual Loanable-limit Query System},
    howpublished = {Cryptology ePrint Archive, Report 2018/655},
    year = {2018},
    url = {https://eprint.iacr.org/2018/655.pdf},
}

@misc{chalkias2018blockchained,
    author = {Konstantinos Chalkias and James Brown and Mike Hearn and Tommy Lillehagen and  Igor Nitto and Thomas Schroeter},
    title = {Blockchained Post-Quantum Signatures},
    howpublished = {Cryptology ePrint Archive, Report 2018/658},
    year = {2018},
    url = {https://eprint.iacr.org/2018/658.pdf},
}

@misc{yi2018new,
    author = {Xun Yi and Kwok-Yan Lam and Dieter Gollmann},
    title = {A New Blind ECDSA Scheme for Bitcoin Transaction Anonymity},
    howpublished = {Cryptology ePrint Archive, Report 2018/660},
    year = {2018},
    url = {https://eprint.iacr.org/2018/660.pdf},
}

@misc{boneh2018verifiable,
    author = {Dan Boneh and Joseph Bonneau and Benedikt B\"unz and Ben Fisch},
    title = {Verifiable Delay Functions},
    howpublished = {Cryptology ePrint Archive, Report 2018/601},
    year = {2018},
    url = {https://eprint.iacr.org/2018/601.pdf},
}

@misc{ruffing2018burning,
    author = {Tim Ruffing and Sri Aravinda Thyagarajan and Viktoria Ronge and Dominique Schr\"oder},
    title = {Burning Zerocoins for Fun and for Profit: A Cryptographic Denial-of-Spending Attack on the Zerocoin Protocol},
    howpublished = {Cryptology ePrint Archive, Report 2018/612},
    year = {2018},
    url = {https://eprint.iacr.org/2018/612.pdf},
}

@misc{pietrzak2018simple,
    author = {Krzysztof Pietrzak},
    title = {Simple Verifiable Delay Functions},
    howpublished = {Cryptology ePrint Archive, Report 2018/627},
    year = {2018},
    url = {https://eprint.iacr.org/2018/627.pdf},
}
