% Peer reviewd blockchain bibliography

% < 2009 

@inproceedings{pease1980reaching,
  title={Reaching agreement in the presence of faults},
  author={Pease, Marshall and Shostak, Robert and Lamport, Leslie},
  journal={Journal of the ACM (JACM)},
  volume={27},
  number={2},
  pages={228--234},
  year={1980},
  publisher={ACM},
  url={http://research.microsoft.com/en-us/um/people/lamport/pubs/reaching.pdf}
}

@inproceedings{lamport1982byzantine,
  title={The Byzantine generals problem},
  author={Lamport, Leslie and Shostak, Robert and Pease, Marshall},
  journal={ACM Transactions on Programming Languages and Systems (TOPLAS)},
  volume={4},
  number={3},
  pages={382--401},
  year={1982},
  publisher={ACM},
  url={http://people.cs.uchicago.edu/~shanlu/teaching/33100_wi15/papers/byz.pdf}
}

@inproceedings{dolev1982polynomial,
  title={Polynomial algorithms for multiple processor agreement},
  author={Dolev, Danny and Strong, H Raymond},
  booktitle={Proceedings of the fourteenth annual ACM symposium on Theory of computing},
  pages={401--407},
  year={1982},
  organization={ACM},
  url={http://www.cse.huji.ac.il/~dolev/pubs/p401-dolev.pdf}
}

@inproceedings{fischer1982lower,
  title={A LOWER BOUND FOR THE TIME TO ASSURE INTERACTIVE CONSISTENCY},
  author={FISCHER, Michael J and LYNCH, Nancy A},
  journal={INFORMATION PROCESSING LETTERS},
  volume={14},
  number={4},
  year={1982},
  month={Jun},
  url={http://groups.csail.mit.edu/tds/papers/Lynch/ipl82.pdf}
}

@inproceedings{dolev1982efficient,
  title={An Efficient Algorithm for Byzantine Agreement without Authentication},
  author={Dolev, Danny and Fischer, Michael J and Fowler, Rob and Lynch, Nancy A and Strong, H Raymond},
  journal={Information and Control},
  volume={52},
  number={3},
  pages={257--274},
  year={1982},
  url={http://groups.csail.mit.edu/tds/papers/Lynch/dffls-ic.pdf}
}

@inproceedings{lamport1983weak,
  title={The weak Byzantine generals problem},
  author={Lamport, Leslie},
  journal={Journal of the ACM (JACM)},
  volume={30},
  number={3},
  pages={668--676},
  year={1983},
  publisher={ACM},
  url={http://131.107.65.14/en-us/um/people/lamport/pubs/weak-byz.pdf}
}

@inproceedings{fischer1983consensus,
  title={The consensus problem in unreliable distributed systems (a brief survey)},
  author={Fischer, Michael J},
  booktitle={International Conference on Fundamentals of Computation Theory},
  pages={127--140},
  year={1983},
  publisher={Springer},
  url={http://courses.csail.mit.edu/6.897/fall04/papers/Fischer/fischer-survey.ps}
}

@inproceedings{chaum1983blind,
  title = {Blind signatures for untraceable payments},
  author = {Chaum, David},
  booktitle = {Advances in cryptology},
  pages = {199--203},
  year = {1983},
  organization = {Springer},
  url = {http://blog.koehntopp.de/uploads/Chaum.BlindSigForPayment.1982.PDF}
}

@inproceedings{ben1983another,
  title={Another advantage of free choice (extended abstract): Completely asynchronous agreement protocols},
  author={Ben-Or, Michael},
  booktitle={Proceedings of the second annual ACM symposium on Principles of distributed computing},
  pages={27--30},
  year={1983},
  organization={ACM},
  url={http://homepage.cs.uiowa.edu/~ghosh/BenOr.pdf}
}

@inproceedings{rabin1983randomized,
  title={Randomized byzantine generals},
  author={Rabin, Michael O},
  booktitle={Foundations of Computer Science, 1983., 24th Annual Symposium on},
  pages={403--409},
  year={1983},
  organization={IEEE},
  url={https://www.cs.princeton.edu/courses/archive/fall05/cos521/byzantin.pdf}
}

@inproceedings{dolev1983authenticated,
  title={Authenticated algorithms for Byzantine agreement},
  author={Dolev, Danny and Strong, H. Raymond},
  journal={SIAM Journal on Computing},
  volume={12},
  number={4},
  pages={656--666},
  year={1983},
  publisher={SIAM},
  url={http://www.cse.huji.ac.il/~dolev/pubs/authenticated.pdf}
}

@inproceedings{toueg1984randomized,
  title={Randomized Asynchronous Byzantine Agreements},
  author={Toueg, Sam},
  booktitle={Proceedings of the third annual ACM symposium on Principles of distributed computing},
  pages={163--178},
  year={1984},
  publisher={ACM},
  url={https://ecommons.cornell.edu/bitstream/handle/1813/6426/83-587.ps}
}

@inproceedings{lamport1984using,
  title={Using Time Instead of Timeout for Fault-Tolerant Distributed Systems.},
  author={Lamport, Leslie},
  journal={ACM Transactions on Programming Languages and Systems (TOPLAS)},
  volume={6},
  number={2},
  pages={254--280},
  year={1984},
  publisher={ACM},
  url={http://131.107.65.14/en-us/um/people/lamport/pubs/using-time.pdf}
}

@inproceedings{chaum1985security,
  title = {Security without identification: Transaction systems to make big brother obsolete},
  author = {Chaum, David},
  journal = {Communications of the ACM},
  volume = {28},
  number = {10},
  pages = {1030--1044},
  year = {1985},
  publisher = {ACM},
  url={https://cosic.esat.kuleuven.be/apes/papers/p1030-chaum.pdf.gz}
}

@inproceedings{fischer1985impossibility,
  title={Impossibility of distributed consensus with one faulty process},
  author={Fischer, Michael J and Lynch, Nancy A and Paterson, Michael S},
  journal={Journal of the ACM (JACM)},
  volume={32},
  number={2},
  pages={374--382},
  year={1985},
  publisher={ACM},
  url={http://macs.citadel.edu/rudolphg/csci604/ImpossibilityofConsensus.pdf}
}

@inproceedings{bracha1985asynchronous,
  title={Asynchronous Consensus and Broadcast Protocols},
  author={Bracha, Gabriel and Toueg, Sam},
  journal={Journal of the Association for Computing Machinery},
  volume={32},
  number={4},
  pages={824--840},
  year={1985},
  publisher={Citeseer},
  url={https://pdfs.semanticscholar.org/130c/e1bcd496a7b9192f5f53dd8d7ef626e40675.pdf}
}

@inproceedings{chor1985simple,
  title={A Simple and Efficient Randomized Byzantine Agreement Algorithm},
  author={Chor, Benny and Coan, Brian A},
  journal={IEEE Transactions on Software Engineering},
  number={6},
  pages={531--539},
  year={1985},
  publisher={IEEE},
  url={http://users.ece.utexas.edu/~garg/sp11/382n/resources/randomizedByzantine.pdf}
}

@inproceedings{dolev1986reaching,
  title={Reaching approximate agreement in the presence of faults},
  author={Dolev, Danny and Lynch, Nancy A and Pinter, Shlomit S and Stark, Eugene W and Weihl, William E},
  journal={Journal of the ACM (JACM)},
  volume={33},
  number={3},
  pages={499--516},
  year={1986},
  publisher={ACM},
  url={http://citeseerx.ist.psu.edu/viewdoc/download?doi=10.1.1.19.1605&rep=rep1&type=pdf}
}

@inproceedings{dolev1987minimal,
  title={On the minimal synchronism needed for distributed consensus},
  author={Dolev, Danny and Dwork, Cynthia and Stockmeyer, Larry},
  journal={Journal of the ACM (JACM)},
  volume={34},
  number={1},
  pages={77--97},
  year={1987},
  publisher={ACM},
  url={http://www.oocities.org/stockmeyer@sbcglobal.net/dds.pdf}
}

@inproceedings{dwork1988consensus,
  title={Consensus in the presence of partial synchrony},
  author={Dwork, Cynthia and Lynch, Nancy and Stockmeyer, Larry},
  journal={Journal of the ACM (JACM)},
  volume={35},
  number={2},
  pages={288--323},
  year={1988},
  publisher={ACM},
  url={http://www-usr.inf.ufsm.br/~ceretta/papers/MITLCSTM270.pdf}
}

@inproceedings{feldman1988optimal,
  title={Optimal algorithms for Byzantine agreement},
  author={Feldman, Paul and Micali, Silvio},
  booktitle={Proceedings of the twentieth annual ACM symposium on Theory of computing},
  pages={148--161},
  year={1988},
  organization={ACM},
  url={https://dspace.mit.edu/bitstream/handle/1721.1/14368/20051076-MIT.pdf}
}

@inproceedings{herlihy1988impossibility,
  title={Impossibility and universality results for wait-free synchronization},
  author={Herlihy, Maurice P},
  booktitle={Proceedings of the seventh annual ACM Symposium on Principles of distributed computing},
  pages={276--290},
  year={1988},
  organization={ACM},
  url={https://pdfs.semanticscholar.org/3afd/1b2d4bbc8401e55af04d485ec7429aca27c1.pdf}
}


@inproceedings{goldwasser1989knowledge,
  title={The knowledge complexity of interactive proof systems},
  author={Goldwasser, Shafi and Micali, Silvio and Rackoff, Charles},
  journal={SIAM Journal on computing},
  volume={18},
  number={1},
  pages={186--208},
  year={1989},
  publisher={SIAM},
  url={http://crypto.cs.mcgill.ca/~crepeau/COMP647/2007/TOPIC02/GMR89.pdf},
}

@inproceedings{schneider1990implementing,
  title={Implementing fault-tolerant services using the state machine approach: A tutorial},
  author={Schneider, Fred B},
  journal={ACM Computing Surveys (CSUR)},
  volume={22},
  number={4},
  pages={299--319},
  year={1990},
  publisher={ACM},
  url={http://www-users.cselabs.umn.edu/classes/Spring-2014/csci8980-sds/Papers/ProcessReplication/p299-schneider.pdf}
}

@inproceedings{chaum1990untraceable,
  title         = {Untraceable electronic cash},
  author        = {Chaum, David and Fiat, Amos and Naor, Moni},
  booktitle     = {Proceedings on Advances in cryptology},
  pages         = {319--327},
  year          = {1990},
  organization  = {Springer-Verlag New York, Inc.},
  url           = {http://people.dsv.su.se/~matei/courses/IK2001_SJE/Chaum90.pdf}
}

@article{herlihy1991wait,
  title={Wait-free synchronization},
  author={Herlihy, Maurice},
  journal={ACM Transactions on Programming Languages and Systems (TOPLAS)},
  volume={13},
  number={1},
  pages={124--149},
  year={1991},
  publisher={ACM},
  url={https://cs.brown.edu/~mph/Herlihy91/p124-herlihy.pdf}
}


@inproceedings{dwork1992pricing,
  title={Pricing via processing or combatting junk mail},
  author={Dwork, Cynthia and Naor, Moni},
  booktitle={Annual International Cryptology Conference},
  pages={139--147},
  year={1992},
  organization={Springer},
  url={https://web.cs.dal.ca/~abrodsky/7301/readings/DwNa93.pdf}  
}

@inproceedings{barborak1993consensus,
  title={The consensus problem in fault-tolerant computing},
  author={Barborak, Michael and Dahbura, Anton and Malek, Miroslaw},
  journal={aCM Computing Surveys (CSur)},
  volume={25},
  number={2},
  pages={171--220},
  year={1993},
  publisher={ACM},
  url={ftp://ftp.cs.utexas.edu/pub/techreports/tr91-40.pdf}
}

@inproceedings{chandra1996unreliable,
  title={Unreliable failure detectors for reliable distributed systems},
  author={Chandra, Tushar Deepak and Toueg, Sam},
  journal={Journal of the ACM (JACM)},
  volume={43},
  number={2},
  pages={225--267},
  year={1996},
  publisher={ACM},
  url={https://ecommons.cornell.edu/bitstream/handle/1813/7192/95-1535.pdf?sequence=1}
}

@inproceedings{law1996make,
  title={How to make a mint: the cryptography of anonymous electronic cash},
  author={Law, Laurie and Sabett, Susan and Solinas, Jerry},
  journal={Am. UL Rev.},
  volume={46},
  pages={1131},
  year={1996},
  publisher={HeinOnline},
  url={http://www.aulawreview.org/pdfs/46/46-4/law.pdf}
}

%early double spending paper
@inproceedings{jarecki1997efficient,
  title={An efficient micropayment system based on probabilistic polling},
  author={Jarecki, Stanis{\l}aw and Odlyzko, Andrew},
  booktitle={Financial Cryptography},
  pages={173--191},
  year={1997},
  organization={Springer},
  url={https://www.researchgate.net/profile/Stanislaw_Jarecki/publication/220797099_An_Efficient_Micropayment_System_Based_on_Probabilistic_Polling/links/0f31753c7f02552a9d000000.pdf}
}

@inproceedings{lamport1998part,
  title={The part-time parliament},
  author={Lamport, Leslie},
  journal={ACM Transactions on Computer Systems (TOCS)},
  volume={16},
  number={2},
  pages={133--169},
  year={1998},
  publisher={ACM},
  url={http://research.microsoft.com/en-us/um/people/lamport/pubs/lamport-paxos.pdf}
}

@inproceedings{castro1999practical,
  title={Practical Byzantine fault tolerance},
  author={Castro, Miguel and Liskov, Barbara and others},
  booktitle={OSDI},
  volume={99},
  pages={173--186},
  year={1999},
  url={http://pmg.csail.mit.edu/papers/osdi99.pdf}
}
%http://lambda.csail.mit.edu/~chet/papers/others/l/liskov/castro-thesis.pdf

@inproceedings{jakobsson1999proofs,
  title={Proofs of work and bread pudding protocols},
  author={Jakobsson, Markus and Juels, Ari},
  booktitle={Secure Information Networks},
  pages={258--272},
  year={1999},
  publisher={Springer},
  url={https://link.springer.com/content/pdf/10.1007/978-0-387-35568-9_18.pdf}
}


@inproceedings{miller2000capability,
  title={Capability-based financial instruments},
  author={Miller, Mark S and Morningstar, Chip and Frantz, Bill},
  booktitle={International Conference on Financial Cryptography},
  pages={349--378},
  year={2000},
  organization={Springer},
  url={http://www.erights.org/elib/capability/ode/ode.pdf}
}

@inproceedings{cachin2000random,
  title={Random oracles in Constantinople: Practical Asynchronous Byzantine Agreement using Cryptography},
  author={Cachin, Christian and Kursawe, Klaus and Shoup, Victor},
  booktitle={Proceedings of the nineteenth annual ACM symposium on Principles of distributed computing},
  pages={123--132},
  year={2000},
  organization={ACM},
  url={https://www.zurich.ibm.com/~cca/papers/abba.pdf}
}

@inproceedings{cachin2001secure,
  title={Secure and efficient asynchronous broadcast protocols},
  author={Cachin, Christian and Kursawe, Klaus and Petzold, Frank and Shoup, Victor},
  booktitle={Annual International Cryptology Conference},
  pages={524--541},
  year={2001},
  organization={Springer},
  url={https://www.zurich.ibm.com/~cca/papers/abc.pdf}
}


@inproceedings{douceur2002sybil,
  title={The sybil attack},
  author={Douceur, John R},
  booktitle={International Workshop on Peer-to-Peer Systems},
  pages={251--260},
  year={2002},
  organization={Springer},
  url={http://www.cs.cornell.edu/people/egs/cs6460-spring10/sybil.pdf}
}

@inproceedings{gilbert2002brewer,
  title={Brewer's conjecture and the feasibility of consistent, available, partition-tolerant web services},
  author={Gilbert, Seth and Lynch, Nancy},
  journal={Acm Sigact News},
  volume={33},
  number={2},
  pages={51--59},
  year={2002},
  publisher={ACM},
  url={http://www.comp.nus.edu.sg/~gilbert/pubs/BrewersConjecture-SigAct.pdf}
}


@inproceedings{aspnes2003randomized,
  title={Randomized protocols for asynchronous consensus},
  author={Aspnes, James},
  journal={Distributed Computing},
  volume={16},
  number={2-3},
  pages={165--175},
  year={2003},
  publisher={Springer},
  url={http://arxiv.org/pdf/cs/0209014}
}

@inproceedings{baldoni2003consensus,
  title={Consensus in Byzantine asynchronous systems},
  author={Baldoni, Roberto and H{\'e}lary, Jean-Michel and Raynal, Michel and Tangui, Lenaik},
  journal={Journal of Discrete Algorithms},
  volume={1},
  number={2},
  pages={185--210},
  year={2003},
  publisher={Elsevier},
  url={http://ac.els-cdn.com/S157086670300025X/1-s2.0-S157086670300025X-main.pdf?_tid=0ce850b4-a744-11e6-a9cb-00000aab0f02&acdnat=1478782320_1c5fb3de333bc22d255442881f330e25}
}

@inproceedings{malkhi2003objects,
  title={Objects shared by Byzantine processes},
  author={Malkhi, Dahlia and Merritt, Michael and Reiter, Michael K and Taubenfeld, Gadi},
  journal={Distributed Computing},
  volume={16},
  number={1},
  pages={37--48},
  year={2003},
  publisher={Springer},
  url={ftp://194.153.101.9/Faculty/gadi/MyPapers/2003MMRT-byz1.pdf}
}


@inproceedings{cavin2004consensus,
  title={Consensus with unknown participants or fundamental self-organization},
  author={Cavin, David and Sasson, Yoav and Schiper, Andr{\'e}},
  booktitle={International Conference on Ad-Hoc Networks and Wireless},
  pages={135--148},
  year={2004},
  organization={Springer},
  url={http://infoscience.epfl.ch/record/49887/files/CSS04.pdf}
}

@inproceedings{correia2004tolerate,
  title={How to tolerate half less one Byzantine nodes in practical distributed systems},
  author={Correia, Miguel and Neves, Nuno Ferreira and Verissimo, Paulo},
  booktitle={Reliable Distributed Systems, 2004. Proceedings of the 23rd IEEE International Symposium on},
  pages={174--183},
  year={2004},
  organization={IEEE},
  url={https://pdfs.semanticscholar.org/e285/17f5ac25497335a4da80b40eefe588d59c32.pdf}
}

@article{aspnes2005exposing,
  title={Exposing computationally-challenged Byzantine impostors},
  author={Aspnes, James and Jackson, Collin and Krishnamurthy, Arvind},
  journal={Department of Computer Science, Yale University, New Haven, CT, Tech. Rep},
  year={2005},
  url={http://www.cs.yale.edu/homes/aspnes/papers/tr1332.pdf}
}

@inproceedings{aiyer2005bar,
  title={BAR fault tolerance for cooperative services},
  author={Aiyer, Amitanand S and Alvisi, Lorenzo and Clement, Allen and Dahlin, Mike and Martin, Jean-Philippe and Porth, Carl},
  booktitle={ACM SIGOPS operating systems review},
  volume={39},
  number={5},
  pages={45--58},
  year={2005},
  organization={ACM},
  url={http://www.dcc.fc.up.pt/~Ines/aulas/1314/SDM/papers/BAR%20Fault%20Tolerance%20for%20Cooperative%20Services%20-%20UIUC.pdf}
}


@inproceedings{angluin2006stabilizing,
  title={Stabilizing consensus in mobile networks},
  author={Angluin, Dana and Fischer, Michael J and Jiang, Hong},
  booktitle={Distributed Computing in Sensor Systems},
  pages={37--50},
  year={2006},
  publisher={Springer},
  url={http://citeseerx.ist.psu.edu/viewdoc/download?doi=10.1.1.60.1040&rep=rep1&type=pdf}
}

@article{levine2006survey,
  title={A survey of solutions to the sybil attack},
  author={Levine, Brian Neil and Shields, Clay and Margolin, N Boris},
  journal={University of Massachusetts Amherst, Amherst, MA},
  volume={7},
  year={2006},
  url={http://forensics.umass.edu/pubs/levine.sybil.tr.2006.pdf}
}

@inproceedings{aspnes2006relationships,
  title={Relationships between broadcast and shared memory in reliable anonymous distributed systems},
  author={Aspnes, James and Fich, Faith Ellen and Ruppert, Eric},
  journal={Distributed Computing},
  volume={18},
  number={3},
  pages={209--219},
  year={2006},
  publisher={Springer},
  url={http://citeseerx.ist.psu.edu/viewdoc/download?doi=10.1.1.6.2802&rep=rep1&type=pdf}
}

@inproceedings{beerliova2007efficient,
  title={Efficient Byzantine agreement with faulty minority},
  author={Beerliov{\'a}-Trub{\'\i}niov{\'a}, Zuzana and Hirt, Martin and Riser, Micha},
  booktitle={Proceedings of the Advances in Crypotology 13th international conference on Theory and application of cryptology and information security},
  pages={393--409},
  year={2007},
  organization={Springer-Verlag},
  url={http://www.crypto.ethz.ch/alumni/trubini/BeHiRi07.pdf}
}

@inproceedings{li2006bar,
  title={BAR gossip},
  author={Li, Harry C and Clement, Allen and Wong, Edmund L and Napper, Jeff and Roy, Indrajit and Alvisi, Lorenzo and Dahlin, Michael},
  booktitle={Proceedings of the 7th symposium on Operating systems design and implementation},
  pages={191--204},
  year={2006},
  organization={USENIX Association},
url={http://www.cs.utexas.edu/users/dahlin/papers/bar-gossip-apr-2006.pdf}
}


@inproceedings{chun2007attested,
  title={Attested append-only memory: Making adversaries stick to their word},
  author={Chun, Byung-Gon and Maniatis, Petros and Shenker, Scott and Kubiatowicz, John},
  booktitle={ACM SIGOPS Operating Systems Review},
  volume={41},
  number={6},
  pages={189--204},
  year={2007},
  organization={ACM},
  url={http://news.cs.nyu.edu/~jinyang/fa08/papers/a2m.pdf}
}

@inproceedings{hoepman2007distributed,
  title={Distributed Double Spending Prevention.},
  author={Hoepman, Jaap-Henk},
  booktitle={Security Protocols Workshop},
  pages={152--165},
  year={2007},
  organization={Springer},
  url={http://www.cs.kun.nl/~jhh/publications/double-spending.pdf}
}

% 2008

@inproceedings{nagy2008openpgp,
  title={OpenPGP-Based Financial Instruments and Dispute Arbitration},
  author={Nagy, Daniel A and Shakel, Nadzeya V},
  booktitle={International Conference on Financial Cryptography and Data Security},
  pages={267--271},
  year={2008},
  organization={Springer},
  url={http://www.epointsystem.org/~nagydani/fc2008.pdf}
}

@inproceedings{alchieri2008byzantine,
  title={Byzantine Consensus with Unknown Participants},
  author={Alchieri, Eduardo A and Bessani, Alysson Neves and Silva Fraga, Joni and Greve, Fab{\'\i}ola},
  booktitle={Proceedings of the 12th International Conference on Principles of Distributed Systems},
  pages={22--40},
  year={2008},
  organization={Springer-Verlag},
  url={http://www.di.fc.ul.pt/~bessani/publications/opodis08-bftcup.pdf}
}

@inproceedings{kapron2008fast,
  title={Fast Asynchronous Byzantine Agreement and Leader Election with Full Information},
  author={Kapron, Bruce and Kempe, David and King, Valerie and Saia, Jared and Sanwalani, Vishal},
  booktitle={Proceedings of the nineteenth annual ACM-SIAM symposium on Discrete algorithms},
  pages={1038--1047},
  year={2008},
  organization={Society for Industrial and Applied Mathematics},
  url={https://www.researchgate.net/profile/Bruce_Kapron/publication/220390388_Fast_asynchronous_Byzantine_agreement_and_leader_election_with_full_information/links/0912f5109e74191137000000.pdf}
}

%Differentiation between Las Vegas and Monte Carlo randomized consensus.
@inproceedings{ishii2008vegas,
  title={Las Vegas randomized algorithms in distributed consensus problems},
  author={Ishii, Hideaki and Tempo, Roberto},
  booktitle={2008 American Control Conference},
  pages={2579--2584},
  year={2008},
  organization={IEEE},
  url={http://www.nt.ntnu.no/users/skoge/prost/proceedings/acc08/data/papers/0446.pdf}
}

@inproceedings{okun2008efficient,
  title={Efficient algorithms for anonymous Byzantine agreement},
  author={Okun, Michael and Barak, Amnon},
  journal={Theory of Computing Systems},
  volume={42},
  number={2},
  pages={222--238},
  year={2008},
  publisher={Springer},
  url={https://www.researchgate.net/profile/Michael_Okun2/publication/220544414_Efficient_Algorithms_for_Anonymous_Byzantine_Agreement/links/5400c7eb0cf23d9765a48890.pdf}
}

% 2009

@inproceedings{clement2009making,
  title={Making Byzantine Fault Tolerant Systems Tolerate Byzantine Faults.},
  author={Clement, Allen and Wong, Edmund L and Alvisi, Lorenzo and Dahlin, Michael and Marchetti, Mirco},
  booktitle={NSDI},
  volume={9},
  pages={153--168},
  year={2009},
  url={http://static.usenix.org/events/nsdi09/tech/full_papers/clement/clement.pdf}
}

% published by springer DOI 10.1007/978-3-540-92221-6_5

@article{delporte2008consensus,
  title={Consensus is Easier Than Reliable Broadcast},
  author={Delporte-Gallet, Carole and Devismes, St{\'e}phane and Fauconnier, Hugues and Petit, Franck and Toueg, Sam},
  year = {2008},
  month = {Sep},
  url = {https://hal.inria.fr/hal-00325470/PDF/reliable.pdf}
}

@inproceedings{chen2009security,
  title={Security notions and generic constructions for client puzzles},
  author={Chen, Liqun and Morrissey, Paul and Smart, Nigel P and Warinschi, Bogdan},
  booktitle={International Conference on the Theory and Application of Cryptology and Information Security},
  pages={505--523},
  year={2009},
  organization={Springer},
  url={http://citeseerx.ist.psu.edu/viewdoc/download?doi=10.1.1.215.7179&rep=rep1&type=pdf}
}

@inproceedings{singh2009zeno,
  title={Zeno: Eventually Consistent Byzantine-Fault Tolerance.},
  author={Singh, Atul and Fonseca, Pedro and Kuznetsov, Petr and Rodrigues, Rodrigo and Maniatis, Petros and others},
  booktitle={NSDI},
  volume={9},
  pages={169--184},
  year={2009},
  url={http://www.academia.edu/download/39803261/singh.pdf}
}

% 2010

@inproceedings{white2010overcoming,
  title={Overcoming reputation and proof-of-work systems in botnets},
  author={White, Andrew and Tickle, Alan and Clark, Andrew},
  booktitle={Network and System Security (NSS), 2010 4th International Conference on},
  pages={120--127},
  year={2010},
  organization={IEEE},
  url={http://eprints.qut.edu.au/35657/1/c35657.pdf}
}

@inproceedings{guerraoui2010next,
  title={The next 700 BFT protocols},
  author={Guerraoui, Rachid and Kne{\v{z}}evi{\'c}, Nikola and Qu{\'e}ma, Vivien and Vukoli{\'c}, Marko},
  booktitle={Proceedings of the 5th European conference on Computer systems},
  pages={363--376},
  year={2010},
  organization={ACM},
  url={https://infoscience.epfl.ch/record/121590/files/TR-700-2009.pdf}
}

@inproceedings{abraham2010fast,
  title={Fast Asynchronous Consensus with Optimal Resilience},
  author={Abraham, Ittai and Aguilera, Marcos K and Malkhi, Dahlia},
  booktitle={International Symposium on Distributed Computing},
  pages={4--19},
  year={2010},
  organization={Springer},
  url={https://www.microsoft.com/en-us/research/wp-content/uploads/2010/09/disc-camera-ready.pdf}
}

@inproceedings{correia2010asynchronous,
  title={Asynchronous Byzantine consensus with 2f+ 1 processes},
  author={Correia, Miguel and Veronese, Giuliana S and Lung, Lau Cheuk},
  booktitle={Proceedings of the 2010 ACM symposium on applied computing},
  pages={475--480},
  year={2010},
  organization={ACM},
  url={http://www.navigators.di.fc.ul.pt/archive/papers/consensus2f11.pdf}
}

@inproceedings{delporte2010brief,
  title={Brief announcement: Byzantine agreement with homonyms},
  author={Delporte-Gallet, Carole and Fauconnier, Hugues and Guerraoui, Rachid and Kermarrec, Anne-Marie},
  booktitle={Proceedings of the twenty-second annual ACM symposium on Parallelism in algorithms and architectures},
  pages={74--75},
  year={2010},
  organization={ACM},
  url={https://pdfs.semanticscholar.org/247d/860edb68c0673a48f90bc5e108455cc11b1c.pdf}
}


% 2011

@inproceedings{reid2011anonymity,
  author    = {F. Reid, M. Harrigan},
  title     = {An Analysis of Anonymity in the Bitcoin System},
  booktitle = {2011 IEEE International Conference on Privacy, Security, Risk, and Trust, and IEEE International Conference on Social Computing},
  year      = {2011},
  url={http://arxiv.org/pdf/1107.4524}
}

@inproceedings{lamport2011brief,
  title={Brief announcement: leaderless byzantine paxos},
  author={Lamport, Leslie},
  booktitle={International Symposium on Distributed Computing},
  pages={141--142},
  year={2011},
  organization={Springer},
  url={http://research.microsoft.com/en-us/um/people/lamport/pubs/disc-leaderless-web.pdf}
}

@inproceedings{stebila2011stronger,
  title={Stronger difficulty notions for client puzzles and denial-of-service-resistant protocols},
  author={Stebila, Douglas and Kuppusamy, Lakshmi and Rangasamy, Jothi and Boyd, Colin and Nieto, Juan Gonzalez},
  booktitle={Cryptographers Track at the RSA Conference},
  pages={284--301},
  year={2011},
  organization={Springer},
  url={http://eprints.qut.edu.au/40036/6/40036-full-revised.pdf}
}

@inproceedings{delporte2011byzantine,
  title={Byzantine agreement with homonyms},
  author={Delporte-Gallet, Carole and Fauconnier, Hugues and Guerraoui, Rachid and Kermarrec, Anne-Marie and Ruppert, Eric and others},
  booktitle={Proceedings of the 30th annual ACM SIGACT-SIGOPS symposium on Principles of distributed computing},
  pages={21--30},
  year={2011},
  organization={ACM},
  url={https://hal-univ-diderot.archives-ouvertes.fr/docs/00/58/01/33/PDF/main.pdf}
}

@inproceedings{correia2011byzantine,
  title={Byzantine consensus in asynchronous message-passing systems: a survey},
  author={Correia, Miguel and Veronese, Giuliana Santos and Neves, Nuno Ferreira and Verissimo, Paulo},
  journal={International Journal of Critical Computer-Based Systems},
  volume={2},
  number={2},
  pages={141--161},
  year={2011},
  publisher={Inderscience Publishers},
  url={http://homepages.di.fc.ul.pt/~nuno/PAPERS/IJCCBS11.pdf}
}

% 2012

@inproceedings{ron2013quantitative,
  title={Quantitative analysis of the full bitcoin transaction graph},
  author={Ron, Dorit and Shamir, Adi},
  booktitle={Financial Cryptography and Data Security},
  pages={6--24},
  year={2013},
  publisher={Springer},
  url={https://eprint.iacr.org/2012/584.pdf}
}

%barber2012bitterbetter
@inproceedings{barber2012bitter,
  title         = {Bitter to better - how to make bitcoin a better currency},
  author        = {Barber, Simon and Boyen, Xavier and Shi, Elaine and Uzun, Ersin},
  booktitle     = {Financial cryptography and data security},
  pages         = {399--414},
  year          = {2012},
  publisher     = {Springer},
  url={http://eprints.qut.edu.au/69169/1/Boyen_accepted_draft.pdf}
}

@inproceedings{babaioff2012red,
  title         = {On bitcoin and red balloons},
  author        = {Babaioff, Moshe and Dobzinski, Shahar and Oren, Sigal and Zohar, Aviv},
  booktitle     = {Proceedings of the 13th ACM conference on electronic commerce},
  pages         = {56--73},
  year          = {2012}, 
  organization  = {ACM},
  url = {http://arxiv.org/pdf/1111.2626.pdf}
}

@inproceedings{clark2012commitcoin,
  title={Commitcoin: Carbon dating commitments with bitcoin},
  author={Clark, Jeremy and Essex, Aleksander},
  booktitle={Financial Cryptography and Data Security},
  pages={390--398},
  year={2012},
  publisher={Springer},
  url={http://users.encs.concordia.ca/~clark/papers/2012_fc.pdf}
}

@inproceedings{jaffe2012price,
  title={On the Price of Equivocation in Byzantine Agreement},
  author={Jaffe, Alexander and Moscibroda, Thomas and Sen, Siddhartha},
  booktitle={Proceedings of the 2012 ACM symposium on Principles of distributed computing},
  pages={309--318},
  year={2012},
  organization={ACM},
  url={http://sns.cs.princeton.edu/docs/hypergraph-podc12.pdf}
}

@inproceedings{delporte2012homonyms,
  title={Homonyms with forgeable identifiers},
  author={Delporte-Gallet, Carole and Fauconnier, Hugues and others},
  booktitle={International Colloquium on Structural Information and Communication Complexity},
  pages={171--182},
  year={2012},
  organization={Springer},
  url={https://hal.archives-ouvertes.fr/hal-00687836/document}
}

@inproceedings{groce2012byzantine,
  title={Byzantine agreement with a rational adversary},
  author={Groce, Adam and Katz, Jonathan and Thiruvengadam, Aishwarya and Zikas, Vassilis},
  journal={Automata, languages, and programming},
  pages={561--572},
  year={2012},
  publisher={Springer},
  url={http://cs.ucla.edu/~vzikas/pubs/GKTZ12.pdf}
}


@inproceedings{becker2013can,
  title={Can we afford integrity by proof-of-work? Scenarios inspired by the Bitcoin currency},
  author={Becker, J{\"o}rg and Breuker, Dominic and Heide, Tobias and Holler, Justus and Rauer, Hans Peter and B{\"o}hme, Rainer},
  booktitle={WEIS},
  year={2012},
  publisher={Springer},
  url={http://users.encs.concordia.ca/~clark/biblio/bitcoin/Becker%202012.pdf}
}

@inproceedings{veronese2013efficient,
  title={Efficient byzantine fault-tolerance},
  author={Veronese, Giuliana Santos and Correia, Miguel and Bessani, Alysson Neves and Lung, Lau Cheuk and Verissimo, Paulo},
  journal={IEEE Transactions on Computers},
  volume={62},
  number={1},
  pages={16--30},
  year={2013},
  publisher={IEEE},
  url={https://www.researchgate.net/profile/Miguel_Correia3/publication/260585535_Efficient_Byzantine_Fault-Tolerance/links/5419615d0cf25ebee9885215.pdf}
}

@inproceedings{androulaki2012two,
  title={Two Bitcoins at the Price of One? Double-Spending Attacks on Fast Payments in Bitcoin},
  author={Androulaki, Eli and Capkun, Srdjan and Karame, Ghassan O},
  booktitle={CCS},
  year={2012},
  url={http://eprint.iacr.org/2012/248.pdf}
}

@inproceedings{aguilera2012correctness,
  title={The correctness proof of Ben-Or's randomized consensus algorithm},
  author={Aguilera, Marcos K and Toueg, Sam},
  journal={Distributed Computing},
  volume={25},
  number={5},
  pages={371--381},
  year={2012},
  publisher={Springer},
  url={http://citeseerx.ist.psu.edu/viewdoc/download?doi=10.1.1.261.481&rep=rep1&type=pdf}
}

@inproceedings{cap2012structural,
  author = {Cap, Clemens H},
  title = {A Structural Analysis of Bitcoin},
  booktitle = {Annual Meeting of the German Computer Scoiety GI. Braunschweig},
  year = {2012},
  url = {http://cs.emis.de/LNI/Proceedings/Proceedings208/51.pdf}
}

% 2013

@inproceedings{kroll2013economics,
  title={The economics of Bitcoin mining, or Bitcoin in the presence of adversaries},
  author={Kroll, Joshua A and Davey, Ian C and Felten, Edward W},
  booktitle={Proceedings of WEIS},
  volume={2013},
  pages={11},
  year={2013},
  url = {https://pdfs.semanticscholar.org/c55a/6c95b869938b817ed3fe3ea482bc65a7206b.pdf},
}

@InProceedings{christin2013traveling,
  author = "Nicolas Christin", 
  title = "Traveling the {Silk Road}: A measurement analysis of a large anonymous online marketplace",
  booktitle = "Proceedings of the {22nd World Wide Web Conference (WWW'13)}", 
  year = 2013,
  month = may,
  address = "Rio de Janeiro, Brazil",
  pages = "213--224",
  url = {https://www.andrew.cmu.edu/user/nicolasc/publications/Christin-WWW13.pdf}
}

@InProceedings{christin2013beware, 
  author = "Tyler Moore and Nicolas Christin",
  title = "Beware the Middleman: Empirical Analysis of {Bitcoin}-Exchange Risk",
  booktitle = "Proceedings of IFCA Financial Cryptography'13",
  month = "April",
  year = 2013, 
  address = "Okinawa, Japan",
  url={https://www.andrew.cmu.edu/user/nicolasc/publications/MC-FC13.pdf}
}

@inproceedings{mahmoody2013publicly,
  title={Publicly verifiable proofs of sequential work},
  author={Mahmoody, Mohammad and Moran, Tal and Vadhan, Salil},
  booktitle={Proceedings of the 4th conference on Innovations in Theoretical Computer Science},
  pages={373--388},
  year={2013},
  organization={ACM},
  url={http://www.cs.cornell.edu/~mohammad/files/papers/15%20TimeStamp.pdf}
}

@inproceedings{taylor2013bitcoin,
  title={Bitcoin and the age of bespoke silicon},
  author={Taylor, Michael Bedford},
  booktitle={Proceedings of the 2013 International Conference on Compilers, Architectures and Synthesis for Embedded Systems},
  pages={16},
  year={2013},
  organization={IEEE Press},
  url={https://cseweb.ucsd.edu/~mbtaylor/papers/bitcoin_taylor_cases_2013.pdf}
}

@inproceedings{miers2013zerocoin,
  author={Miers, Ian and Garman, Christina and Green, Matthew and Rubin, Aviel D},
  title={Zerocoin: Anonymous distributed e-cash from bitcoin},
  booktitle={Security and Privacy (SP), 2013 IEEE Symposium on},
  pages={397--411},
  year={2013},
  organization={IEEE},
  url={https://isi.jhu.edu/~mgreen/ZerocoinOakland.pdf}
}

%bamert2013snak
@inproceedings{bamert2013have,
  title={Have a snack, pay with bitcoins},
  author={Bamert, Tobias and Decker, Christian and Elsen, Lennart and Wattenhofer, Roger and Welten, Samuel},
  booktitle={Peer-to-Peer Computing (P2P), 2013 IEEE Thirteenth International Conference on},
  pages={1--5},
  year={2013},
  organization={IEEE},
  url={http://www.bheesty.com/cracker/1450709524_17035424cb/p2p2013_093.pdf}
}

%decker2013propagation
@inproceedings{decker2013information,
  title={Information propagation in the bitcoin network},
  author={Decker, Christian and Wattenhofer, Roger},
  booktitle={Peer-to-Peer Computing (P2P), 2013 IEEE Thirteenth International Conference on},
  pages={1--10},
  year={2013},
  organization={IEEE},
  url={http://diyhpl.us/~bryan/papers2/bitcoin/Information%20propagation%20in%20the%20Bitcoin%20network.pdf}
}

@inproceedings{meiklejohn2013fistful,
  title={A fistful of bitcoins: characterizing payments among men with no names},
  author={Meiklejohn, Sarah and Pomarole, Marjori and Jordan, Grant and Levchenko, Kirill and McCoy, Damon and Voelker, Geoffrey M and Savage, Stefan},
  booktitle={Proceedings of the 2013 conference on Internet measurement conference},
  pages={127--140},
  year={2013},
  organization={ACM},
  url={https://cseweb.ucsd.edu/~smeiklejohn/files/imc13.pdf}
}

@inproceedings{androulaki2013evaluating,
  title={Evaluating user privacy in bitcoin},
  author={Androulaki, Elli and Karame, Ghassan O and Roeschlin, Marc and Scherer, Tobias and Capkun, Srdjan},
  booktitle={Financial Cryptography and Data Security},
  pages={34--51},
  year={2013},
  publisher={Springer},
  url={http://book.itep.ru/depository/bitcoin/User_privacy_in_bitcoin.pdf}
}

% 2014 

@inproceedings{ben2014zerocash,
  title={Zerocash: Decentralized anonymous payments from bitcoin},
  author={Ben Sasson, Eli and Chiesa, Alessandro and Garman, Christina and Green, Matthew and Miers, Ian and Tromer, Eran and Virza, Madars},
  booktitle={Security and Privacy (SP), 2014 IEEE Symposium on},
  pages={459--474},
  year={2014},
  organization={IEEE},
  url={http://zerocash-project.org/media/pdf/zerocash-extended-20140518.pdf}
}

%donet2014bitcoinp2p
@inproceedings{donet2014bitcoin,
  title={The bitcoin p2p network},
  author={Donet, Joan Antoni Donet and P{\'e}rez-Sola, Cristina and Herrera-Joancomart{\'\i}, Jordi},
  booktitle={Financial Cryptography and Data Security},
  pages={87--102},
  year={2014},
  publisher={Springer},
  url={http://fc14.ifca.ai/bitcoin/papers/bitcoin14_submission_3.pdf}
}

%bonneau2014decentralizing
@inproceedings{clark2014decentralizing,
  title={On Decentralizing Prediction Markets and Order Books},
  author={Clark, Jeremy and Bonneau, Joseph and Felten, Edward W and Kroll, Joshua A and Miller, Andrew and Narayanan, Arvind},
  booktitle={WEIS},
  year={2014},
  url={http://users.encs.concordia.ca/~clark/papers/2014_weis.pdf}
}

%biryukov2014deanon
@inproceedings{biryukov2014deanonymisation,
  title={Deanonymisation of clients in Bitcoin P2P network},
  author={Biryukov, Alex and Khovratovich, Dmitry and Pustogarov, Ivan},
  booktitle={Proceedings of the 2014 ACM SIGSAC Conference on Computer and Communications Security},
  pages={15--29},
  year={2014},
  organization={ACM},
  url={http://arxiv.org/pdf/1405.7418.pdf}
}

@inproceedings{eyal2014majority,
  title={Majority is not enough: Bitcoin mining is vulnerable},
  author={Eyal, Ittay and Sirer, Emin G{\"u}n},
  booktitle={Financial Cryptography and Data Security},
  pages={436--454},
  year={2014},
  publisher={Springer},
  url={http://arxiv.org/pdf/1311.0243}
}

@inproceedings{ruffing2014coinshuffle,
  title={CoinShuffle: Practical decentralized coin mixing for Bitcoin},
  author={Ruffing, Tim and Moreno-Sanchez, Pedro and Kate, Aniket},
  booktitle={Computer Security-ESORICS 2014},
  pages={345--364},
  year={2014},
  publisher={Springer},
  url={http://crypsys.mmci.uni-saarland.de/projects/CoinShuffle/coinshuffle.pdf}
}

@inproceedings{huang2014botcoin,
  title={Botcoin: Monetizing Stolen Cycles.},
  author={Huang, Danny Yuxing and Dharmdasani, Hitesh and Meiklejohn, Sarah and Dave, Vacha and Grier, Chris and McCoy, Damon and Savage, Stefan and Weaver, Nicholas and Snoeren, Alex C and Levchenko, Kirill},
  booktitle={NDSS},
  year={2014},
  url={https://www.cs.gmu.edu/~mccoy/papers/botcoin-ndss14.pdf}
}

@inproceedings{mostefaoui2014signature,
  title={Signature-free asynchronous Byzantine consensus with t< n/3 and O (n 2) messages},
  author={Mostefaoui, Achour and Moumen, Hamouma and Raynal, Michel},
  booktitle={Proceedings of the 2014 ACM symposium on Principles of distributed computing},
  pages={2--9},
  year={2014},
  organization={ACM},
  url={https://hal.inria.fr/file/index/docid/944816/filename/RR-2016-Consensus-optimal-V5.pdf}
}

@inproceedings{garman2013decentralized,
  title={Decentralized Anonymous Credentials.},
  author={Garman, Christina and Green, Matthew and Miers, Ian},
  booktitle={NDSS},
  year={2014},
  url={http://www.internetsociety.org/sites/default/files/07_3_1.pdf}
}

%biryukov2014bitcointor
@inproceedings{biryukov2015bitcoin,
  title={Bitcoin over Tor isn't a good idea},
  author={Biryukov, Alex and Pustogarov, Ivan},
  booktitle={Security and Privacy (SP), 2015 IEEE Symposium on},
  pages={122--134},
  year={2015},
  organization={IEEE},
  url={http://arxiv.org/pdf/1410.6079}
}

@inproceedings{saxena2014increasing,                                     
  title            = {Increasing Anonymity in Bitcoin},                       
  Author           = {Saxena, Amitabh and Misra, Janardan and Dhar, Aritra}, 
  Booktitle        = {Financial Cryptography and Data Security},          
  Pages            = {122--139},                                              
  Publisher        = {Springer},                                          
  Year             = {2014},
  url={http://fc14.ifca.ai/bitcoin/papers/bitcoin14_submission_19.pdf}
}

@inproceedings{miller2014permacoin,
  title={Permacoin: Repurposing bitcoin work for data preservation},
  author={Miller, Andrew and Juels, Ari and Shi, Elaine and Parno, Bryan and Katz, Jonathan},
  booktitle={Security and Privacy (SP), 2014 IEEE Symposium on},
  pages={475--490},
  year={2014},
  organization={IEEE},
  url={http://cs.umd.edu/~amiller/permacoin.pdf}
}

@inproceedings{bonneau2014fawkescoin,
  title={Fawkescoin: Bitcoin without public-key crypto},
  author={Bonneau, Joseph and Miller, Andrew},
  booktitle={Security Protocols XXII},
  pages={350--358},
  year={2014},
  publisher={Springer},
  url={http://www.jbonneau.com/doc/BM14-SPW-fawkescoin.pdf}
}

@inproceedings{bonneau2014mixcoin,
  title={Mixcoin: Anonymity for Bitcoin with accountable mixes},
  author={Bonneau, Joseph and Narayanan, Arvind and Miller, Andrew and Clark, Jeremy and Kroll, Joshua A and Felten, Edward W},
  booktitle={Financial Cryptography and Data Security},
  pages={486--504},
  year={2014},
  publisher={Springer},
  url={http://eprint.iacr.org/2014/077.pdf}
}

@inproceedings{jansen2014onions,
  title={From onions to shallots: Rewarding Tor relays with TEARS},
  author={Jansen, Rob and Miller, Andrew and Syverson, Paul and Ford, Bryan},
  booktitle={HotPETs},
  year={2014},
  url={http://www.dtic.mil/cgi-bin/GetTRDoc?AD=ADA623492}
}

@inproceedings{gervais2014privacy,
  title={On the privacy provisions of bloom filters in lightweight bitcoin clients},
  author={Gervais, Arthur and Capkun, Srdjan and Karame, Ghassan O and Gruber, Damian},
  booktitle={Proceedings of the 30th Annual Computer Security Applications Conference},
  pages={326--335},
  year={2014},
  organization={ACM},
  url={http://eprint.iacr.org/2014/763.pdf}
}

@inproceedings{gervais2014bitcoin,
  title={Is Bitcoin a decentralized currency?},
  author={Gervais, Arthur and Karame, Ghassan and Capkun, Srdjan and Capkun, Vedran},
  journal={IEEE security \& privacy},
  volume={12},
  number={3},
  pages={54--60},
  year={2014},
  url={https://eprint.iacr.org/2013/829.pdf}
}

@inproceedings{kumaresan2014use,
  title={How to use bitcoin to incentivize correct computations},
  author={Kumaresan, Ranjit and Bentov, Iddo},
  booktitle={Proceedings of the 2014 ACM SIGSAC Conference on Computer and Communications Security},
  pages={30--41},
  year={2014},
  organization={ACM},
  url={http://www.cs.technion.ac.il/~idddo/incentivesBitcoin.pdf}
}

@inproceedings{van2014versum,
  title={Versum: Verifiable computations over large public logs},
  author={van den Hooff, Jelle and Kaashoek, M Frans and Zeldovich, Nickolai},
  booktitle={Proceedings of the 2014 ACM SIGSAC Conference on Computer and Communications Security},
  pages={1304--1316},
  year={2014},
  organization={ACM},
  url={http://people.csail.mit.edu/nickolai/papers/vandenhooff-versum.pdf}
}

@inproceedings{andrychowicz2014modeling,
  title={Modeling bitcoin contracts by timed automata},
  author={Andrychowicz, Marcin and Dziembowski, Stefan and Malinowski, Daniel and Mazurek, {\L}ukasz},
  booktitle={Formal Modeling and Analysis of Timed Systems},
  pages={7--22},
  year={2014},
  publisher={Springer},
  url={http://arxiv.org/pdf/1405.1861}
}

@inproceedings{decker2014bitcoin,
  title={Bitcoin transaction malleability and MtGox},
  author={Decker, Christian and Wattenhofer, Roger},
  booktitle={Computer Security-ESORICS 2014},
  pages={313--326},
  year={2014},
  publisher={Springer},
  url={http://www.tik.ee.ethz.ch/file/7e4a7f3f2991784786037285f4876f5c/malleability.pdf}
}

@inproceedings{bentov2014use,
  title={How to use bitcoin to design fair protocols},
  author={Bentov, Iddo and Kumaresan, Ranjit},
  booktitle={Advances in Cryptology--CRYPTO 2014},
  pages={421--439},
  year={2014},
  publisher={Springer},
  url={http://eprint.iacr.org/2014/129.pdf}
}

@article{ghosh2014torpath,
  title={A TorPath to TorCoin: Proofof-bandwidth altcoins for compensating relays},
  author={Ghosh, Mainak and Ford, B and Richardson, M},
  year={2014},
  booktitle={HotPETs},
  url={https://petsymposium.org/2014/papers/Ghosh.pdf}
}

@inproceedings{andrychowicz2014secure,
  title={Secure multiparty computations on bitcoin},
  author={Andrychowicz, Marcin and Dziembowski, Stefan and Malinowski, Daniel and Mazurek, Lukasz},
  booktitle={Security and Privacy (SP), 2014 IEEE Symposium on},
  pages={443--458},
  year={2014},
  organization={IEEE},
  url={https://eprint.iacr.org/2013/784.pdf}
}

@inproceedings{ongaro2014search,
  title={In search of an understandable consensus algorithm},
  author={Ongaro, Diego and Ousterhout, John},
  booktitle={2014 USENIX Annual Technical Conference (USENIX ATC 14)},
  pages={305--319},
  year={2014},
  url={https://www.usenix.org/system/files/conference/atc14/atc14-paper-ongaro.pdf}
}

@article{bentov2014proof,
  title={Proof of Activity: Extending Bitcoin's Proof of Work via Proof of Stake [Extended Abstract] y},
  author={Bentov, Iddo and Lee, Charles and Mizrahi, Alex and Rosenfeld, Meni},
  journal={ACM SIGMETRICS Performance Evaluation Review},
  volume={42},
  number={3},
  pages={34--37},
  year={2014},
  publisher={ACM},
  url = {http://eprint.iacr.org/2014/452.pdf}
}

@inproceedings{johnson2014game,
  title={Game-theoretic analysis of DDoS attacks against Bitcoin mining pools},
  author={Johnson, Benjamin and Laszka, Aron and Grossklags, Jens and Vasek, Marie and Moore, Tyler},
  booktitle={International Conference on Financial Cryptography and Data Security},
  pages={72--86},
  year={2014},
  organization={Springer},
  url={http://photon.hu/~laszka/papers/johnson2014game.pdf}
}

@inproceedings{vasek2014empirical,
  title={Empirical analysis of denial-of-service attacks in the Bitcoin ecosystem},
  author={Vasek, Marie and Thornton, Micah and Moore, Tyler},
  booktitle={International Conference on Financial Cryptography and Data Security},
  pages={57--71},
  year={2014},
  organization={Springer},
  url={http://secon.utulsa.edu/vasek/vasekbtc14.pdf}
}

@article{groza2014cryptographic,
  title={Cryptographic puzzles and dos resilience, revisited},
  author={Groza, Bogdan and Warinschi, Bogdan},
  journal={Designs, Codes and Cryptography},
  volume={73},
  number={1},
  pages={177--207},
  year={2014},
  publisher={Springer},
  url={https://pdfs.semanticscholar.org/b823/a21ffc69e02d2913d112c8ab733629639577.pdf}
}

@inproceedings{courtois2014could,
  title={Could bitcoin transactions be 100x faster?},
  author={Courtois, Nicolas T and Emirdag, Pinar and Nagy, Daniel A},
  booktitle={Security and Cryptography (SECRYPT), 2014 11th International Conference on},
  pages={1--6},
  year={2014},
  organization={IEEE},
  url={http://www.nicolascourtois.com/bitcoin/POSTER_100x_Secrypt2014_v1.0.pdf}
}

% 2015  

@article{yelowitz2015characteristics,
  title={Characteristics of Bitcoin users: an analysis of Google search data},
  author={Yelowitz, Aaron and Wilson, Matthew},
  journal={Applied Economics Letters},
  volume={22},
  number={13},
  pages={1030--1036},
  year={2015},
  publisher={Taylor \& Francis},
  url={http://www.yelowitz.com/Yelowitz_Wilson_AEL_2015.pdf}
}

@inproceedings{miller2015shadow,
  title={Shadow-Bitcoin: scalable simulation via direct execution of multi-threaded applications},
  author={Miller, Andrew and Jansen, Rob},
  booktitle={8th Workshop on Cyber Security Experimentation and Test (CSET 15)},
  year={2015},
  url={https://www.usenix.org/system/files/conference/cset15/cset15-miller.pdf}
}

%garay2015bitcoinbackbone
@inproceedings{garay2015bitcoin,
  title={The bitcoin backbone protocol: Analysis and applications},
  author={Garay, Juan and Kiayias, Aggelos and Leonardos, Nikos},
  booktitle={Advances in Cryptology-EUROCRYPT 2015},
  pages={281--310},
  year={2015},
  publisher={Springer},
  url={http://courses.cs.washington.edu/courses/cse454/15wi/papers/bitcoin-765.pdf}
}

@inproceedings{lewenberg2015inclusive,
  title={Inclusive block chain protocols},
  author={Lewenberg, Yoad and Sompolinsky, Yonatan and Zohar, Aviv},
  booktitle={Financial Cryptography and Data Security},
  pages={528--547},
  year={2015},
  publisher={Springer},
  url={http://www.cs.huji.ac.il/~avivz/pubs/15/inclusive_btc_full.pdf}
}

%bonneau2015bitcoinsok
@inproceedings{bonneau2015research,
  title         = {SoK: Research Perspectives and Challenges for Bitcoin and Cryptocurrencies},
  author        = {Bonneau, Joseph and Miller, Andrew and Clark, Jeremy and Narayanan, Arvind and Kroll, Joshua A and Felten, Edward W},
  booktitle     = {IEEE Symposium on Security and Privacy},
  year          = {2015},
  url={http://www.ieee-security.org/TC/SP2015/papers-archived/6949a104.pdf}
}

%tschorsch2015beyond
@inproceedings{tschorsch2015bitcoin, 
  title={Bitcoin and Beyond: A Technical Survey on Decentralized Digital Currencies}, 
  author={Tschorsch, Florian and Scheuermann, Bj{\"o}rn},
  booktitle={IEEE Communications Surveys Tutorials}, 
  year={2016}, 
  volume={PP}, 
  number={99}, 
  pages={1-1}, 
  keywords={Contracts;Cryptography;Internet;Online banking;Protocols;Space exploration;Tutorials}, 
  doi={10.1109/COMST.2016.2535718}, 
  ISSN={1553-877X}, 
  url={https://eprint.iacr.org/2015/464.pdf}
}

%mann2014twofactor
@inproceedings{mann2015two,
  title={Two-factor authentication for the Bitcoin protocol},
  author={Mann, Christopher and Loebenberger, Daniel},
  booktitle={Security and Trust Management},
  pages={155--171},
  year={2015},
  publisher={Springer},
  url= {https://eprint.iacr.org/2014/629.pdf}
}

@inproceedings{melara2015keytransparency,
  author = {Marcela S. Melara and Aaron Blankstein and Joseph Bonneau and Edward W. Felten and Michael J. Freedman},
  title = {Bringing Deployable Key Transparency to End Users},
  booktitle = {24th USENIX Security Symposium (USENIX Security 15)},
  year = {2015},
  month = {Aug},
  address = {Washington, D.C.},
  publisher = {USENIX Association},
  url  = {https://www.usenix.org/system/files/conference/usenixsecurity15/sec15-paper-melara.pdf}
}

@inproceedings{kalodner2015namecoinempirical,
  title = {An empirical study of Namecoin and lessons for decentralized namespace design},
  author = {Harry Kalodner and Miles Carlsten and Paul Ellenbogen and Joseph Bonneau and Arvind Narayanan},
  year = {2015},
  booktitle = {WEIS},
  url = {http://randomwalker.info/publications/namespaces.pdf}
}

@inproceedings{eskandari2015usability,
  title = {A first look at the usability of bitcoin key management},
  author = {Eskandari, Shayan and Barrera, David and Stobert, Elizabeth and Clark, Jeremy},
  booktitle = {Workshop on Usable Security (USEC)},
  year = {2015},
  url = {http://users.encs.concordia.ca/~clark/papers/2015_usec_full.pdf} 
}

@inproceedings{zyskind2015decentralizing,
  title={Decentralizing Privacy: Using Blockchain to Protect Personal Data},
  author={Zyskind, Guy and Nathan, Oz and Pentland, Alex'Sandy'},
  booktitle={Security and Privacy Workshops (SPW), 2015 IEEE},
  pages={180--184},
  year={2015},
  organization={IEEE},
  url={http://web.media.mit.edu/~guyzys/data/ZNP15.pdf}
}

%mcreynolds2015techpolicy
@inproceedings{mcreynolds2015cryptographic,
  title={Cryptographic Currencies from a Tech-Policy Perspective: Policy Issues and Technical Directions},
  author={McReynolds, Emily and Lerner, Adam and Scott, Will and Roesner, Franziska and Kohno, Tadayoshi},
  booktitle={Financial Cryptography and Data Security},
  pages={94--111},
  year={2015},
  publisher={Springer},
  url={http://fc15.ifca.ai/preproceedings/bitcoin/paper_16.pdf}
}

@inproceedings{ali2015zombiecoin,
  title={ZombieCoin: powering next-generation botnets with bitcoin},
  author={Ali, Syed Taha and McCorry, Patrick and Lee, Peter Hyun-Jeen and Hao, Feng},
  booktitle={Financial Cryptography and Data Security},
  pages={34--48},
  year={2015},
  publisher={Springer},
  url={http://homepages.cs.ncl.ac.uk/feng.hao/files/zcoin-camera-ready.pdf}
}

@inproceedings{karame2015misbehavior,
  title={Misbehavior in Bitcoin: A Study of Double-Spending and Accountability},
  author={Karame, Ghassan O and Androulaki, Elli and Roeschlin, Marc and Gervais, Arthur and {\v{C}}apkun, Srdjan},
  journal={ACM Transactions on Information and System Security (TISSEC)},
  volume={18},
  number={1},
  pages={2},
  year={2015},
  publisher={ACM},
  url={http://www.syssec.ethz.ch/content/dam/ethz/special-interest/infk/inst-infsec/system-security-group-dam/research/publications/pub2015/tissec15_karame.pdf}
}

@inproceedings{dagher2015provisions,
  title={Provisions: Privacy-preserving proofs of solvency for Bitcoin exchanges},
  author={Dagher, Gaby G and B{\"u}nz, Benedikt and Bonneau, Joseph and Clark, Jeremy and Boneh, Dan},
  booktitle={Proceedings of the 22nd ACM SIGSAC Conference on Computer and Communications Security},
  pages={720--731},
  year={2015},
  organization={ACM},
  url={http://users.encs.concordia.ca/~clark/papers/2015_ccs.pdf}
}

@inproceedings{ruffing2015liar,
  title={Liar, Liar, Coins on Fire!: Penalizing Equivocation By Loss of Bitcoins},
  author={Ruffing, Tim and Kate, Aniket and Schr{\"o}der, Dominique},
  booktitle={Proceedings of the 22nd ACM SIGSAC Conference on Computer and Communications Security},
  pages={219--230},
  year={2015},
  organization={ACM},
  url={https://people.mmci.uni-saarland.de/~aniket/publications/Non-equivocationWithBitcoinPenalties.pdf}
}

@inproceedings{kumaresan2015poker,
  title={How to Use Bitcoin to Play Decentralized Poker},
  author={Kumaresan, Ranjit and Moran, Tal and Bentov, Iddo},
  booktitle={Proceedings of the 22nd ACM SIGSAC Conference on Computer and Communications Security},
  pages={195--206},
  year={2015},
  organization={ACM},
  url={http://people.csail.mit.edu/ranjit/papers/poker.pdf}
}

@inproceedings{pass2015micropayments,
  title={Micropayments for Decentralized Currencies},
  author={Pass, Rafael and others},
  booktitle={Proceedings of the 22nd ACM SIGSAC Conference on Computer and Communications Security},
  pages={207--218},
  year={2015},
  organization={ACM},
  url={http://www.initc3.org/files/micropay2.pdf}
}

@inproceedings{miller2015nonoutsourceable,
  title={Nonoutsourceable Scratch-Off Puzzles to Discourage Bitcoin Mining Coalitions},
  author={Miller, Andrew and Kosba, Ahmed and Katz, Jonathan and Shi, Elaine},
  booktitle={Proceedings of the 22nd ACM SIGSAC Conference on Computer and Communications Security},
  pages={680--691},
  year={2015},
  organization={ACM},
  url={https://cs.umd.edu/~amiller/nonoutsourceable_full.pdf}
}

@inproceedings{gervais2015tampering,
  title={Tampering with the Delivery of Blocks and Transactions in Bitcoin},
  author={Gervais, Arthur and Ritzdorf, Hubert and Karame, Ghassan O and Capkun, Srdjan},
  booktitle={Proceedings of the 22nd ACM SIGSAC Conference on Computer and Communications Security},
  pages={692--705},
  year={2015},
  organization={ACM},
  url={https://eprint.iacr.org/2015/578.pdf}
}

%decker2015transparent
@inproceedings{decker2015making,
  title={Making Bitcoin Exchanges Transparent},
  author={Decker, Christian and Guthrie, James and Seidel, Jochen and Wattenhofer, Roger},
  booktitle={Computer Security--ESORICS 2015},
  pages={561--576},
  year={2015},
  publisher={Springer},
  url={http://www.tik.ee.ethz.ch/file/b89cb24ad2fa4e7ef01426d318c9b98b/decker2015making.pdf}
}

@inproceedings{andrychowicz2015pow,
  title={PoW-Based Distributed Cryptography with No Trusted Setup},
  author={Andrychowicz, Marcin and Dziembowski, Stefan},
  booktitle={Advances in Cryptology--CRYPTO 2015},
  pages={379--399},
  year={2015},
  publisher={Springer},
  url={http://eprint.iacr.org/2014/796.pdf}
}

@inproceedings{zohar2015bitcoin,
  title={Bitcoin: under the hood},
  author={Zohar, Aviv},
  journal={Communications of the ACM},
  volume={58},
  number={9},
  pages={104--113},
  year={2015},
  publisher={ACM},
  url={http://users.encs.concordia.ca/~clark/biblio/bitcoin/Zohar%202015.pdf}
}

@inproceedings{gutoski2015hierarchical,
  title={Hierarchical deterministic Bitcoin wallets that tolerate key leakage (short paper)},
  author={Gutoski, Gus and Stebila, Douglas},
  booktitle={Proceedings of the 19th International Conference on Financial Cryptography and Data Security (FC 2015)},
  year={2015},
  organization={Springer},
  url={http://fc15.ifca.ai/preproceedings/paper_15.pdf}
}

@inproceedings{wilson2015pretty,
  title={From Pretty Good to Great: Enhancing PGP Using Bitcoin and the Blockchain},
  author={Wilson, Duane and Ateniese, Giuseppe},
  booktitle={Network and System Security},
  pages={368--375},
  year={2015},
  publisher={Springer},
  url={http://arxiv.org/pdf/1508.04868}
}

@inproceedings{soska2015measuring,
  title={Measuring the longitudinal evolution of the online anonymous marketplace ecosystem},
  author={Soska, Kyle and Christin, Nicolas},
  booktitle={24th USENIX Security Symposium (USENIX Security 15)},
  pages={33--48},
  year={2015},
  url={https://www.usenix.org/system/files/conference/usenixsecurity15/sec15-paper-soska.pdf}
}

@inproceedings{heilman2015eclipse,
  title={Eclipse Attacks on Bitcoin's Peer-to-Peer Network},
  author={Heilman, Ethan and Kendler, Alison and Zohar, Aviv and Goldberg, Sharon},
  booktitle={24th USENIX Security Symposium (USENIX Security 15)},
  pages={129--144},
  year={2015},
  url={https://www.usenix.org/system/files/conference/usenixsecurity15/sec15-paper-heilman.pdf}
}

@inproceedings{eyal2015miner,
  title={The miner's dilemma},
  author={Eyal, Ittay},
  booktitle={Security and Privacy (SP), 2015 IEEE Symposium on},
  pages={89--103},
  year={2015},
  organization={IEEE},
  url={http://arxiv.org/pdf/1411.7099}
}

@inproceedings{vasek2015there,
  title={There's No Free Lunch, Even Using Bitcoin: Tracking the Popularity and Profits of Virtual Currency Scams},
  author={Vasek, Marie and Moore, Tyler},
  booktitle={Financial Cryptography and Data Security},
  pages={44--61},
  year={2015},
  publisher={Springer},
  url={http://secon.utulsa.edu/vasek/vasekfc15.pdf}
}

@inproceedings{sompolinsky2015secure,
  title={Secure high-rate transaction processing in Bitcoin},
  author={Sompolinsky, Yonatan and Zohar, Aviv},
  booktitle={Financial Cryptography and Data Security},
  pages={507--527},
  year={2015},
  publisher={Springer},
  url={http://www.cs.huji.ac.il/~avivz/pubs/15/btc_ghost_full.pdf}
}

@inproceedings{lewenberg2015bitcoin,
  title={Bitcoin mining pools: A cooperative game theoretic analysis},
  author={Lewenberg, Yoad and Bachrach, Yoram and Sompolinsky, Yonatan and Zohar, Aviv and Rosenschein, Jeffrey S},
  booktitle={Proceedings of the 2015 International Conference on Autonomous Agents and Multiagent Systems},
  pages={919--927},
  year={2015},
  organization={International Foundation for Autonomous Agents and Multiagent Systems},
  url = {http://www.cs.huji.ac.il/~avivz/pubs/15/fp245-lewenbergA.pdf}
}

@inproceedings{vukolic2015quest,
  title={The quest for scalable blockchain fabric: Proof-of-work vs. BFT replication},
  author={Vukoli{\'c}, Marko},
  booktitle={International Workshop on Open Problems in Network Security},
  pages={112--125},
  year={2015},
  organization={Springer},
  url={http://vukolic.com/iNetSec_2015.pdf}
}

@inproceedings{luu2015demystifying,
  title={Demystifying incentives in the consensus computer},
  author={Luu, Loi and Teutsch, Jason and Kulkarni, Raghav and Saxena, Prateek},
  booktitle={Proceedings of the 22nd ACM SIGSAC Conference on Computer and Communications Security},
  pages={706--719},
  year={2015},
  organization={ACM},
  url={http://www.comp.nus.edu.sg/~prateeks/papers/VeriEther.pdf}
}

@article{jimenez2015eventual,
  title={Eventual election of multiple leaders for solving consensus in anonymous systems},
  author={Jim{\'e}nez, Ernesto and Ar{\'e}valo, Sergio and Herrera, Carlos and Tang, Jian},
  journal={The Journal of Supercomputing},
  volume={71},
  number={10},
  pages={3726--3743},
  year={2015},
  publisher={Springer},
  url={http://citeseerx.ist.psu.edu/viewdoc/download?doi=10.1.1.697.3557&rep=rep1&type=pdf}
}

@article{arevalo2015failure,
  title={Failure detectors in homonymous distributed systems (with an application to consensus)},
  author={Ar{\'e}valo, Sergio and Anta, Antonio Fern{\'a}ndez and Imbs, Damien and Jim{\'e}nez, Ernesto and Raynal, Michel},
  journal={Journal of Parallel and Distributed Computing},
  volume={83},
  pages={83--95},
  year={2015},
  publisher={Elsevier}, 
  url={http://citeseerx.ist.psu.edu/viewdoc/download?doi=10.1.1.697.1050&rep=rep1&type=pdf}
}

@article{herrera2015research,
  title={Research and challenges on bitcoin anonymity},
  author={Herrera-Joancomart{\'\i}, Jordi},
  booktitle={Data Privacy Management, Autonomous Spontaneous Security, and Security Assurance},
  pages={3--16},
  year={2015},
  publisher={Springer},
  url={https://www.researchgate.net/profile/Jordi_Herrera-Joancomarti/publication/281773799_Research_and_Challenges_on_Bitcoin_Anonymity/links/55f7c7d408ae07629dcbc471.pdf}
}

@inproceedings{moser2015trends,
  title={Trends, tips, tolls: A longitudinal study of Bitcoin transaction fees},
  author={M{\"o}ser, Malte and B{\"o}hme, Rainer},
  booktitle={International Conference on Financial Cryptography and Data Security},
  pages={19--33},
  year={2015},
  organization={Springer},
  url={http://fc15.ifca.ai/preproceedings/bitcoin/paper_8.pdf}
}


% 2016  

@inproceedings{danezis2015centrally,
  title={Centrally Banked Cryptocurrencies},
  author={Danezis, George and Meiklejohn, Sarah},
  booktitle={Network and Distributed System Security},
  publisher={The Internet Society},
  year={2016},
  url={http://arxiv.org/pdf/1505.06895}
}

@inproceedings{bonneau2016buy,
	title={Why buy when you can rent? Bribery attacks on Bitcoin consensus},
	booktitle="BITCOIN '16: Proceedings of the 3rd Workshop on Bitcoin and Blockchain Research",
	author="Joseph Bonneau",
	month="February",
	year="2016",
    url={http://fc16.ifca.ai/bitcoin/papers/Bon16b.pdf}
}

@inproceedings{krombholz2016other, 
  Author = {Katharina Krombholz and Aljosha Judmayer and Matthias Gusenbauer and {Edgar R.} Weippl}, 
  title = {The Other Side of the Coin: User Experiences with Bitcoin Security and Privacy}, 
  booktitle = {International Conference on Financial Cryptography and Data Security (FC)}, 
  year = {2016}, 
  month = {2},
  url={https://www.sba-research.org/wp-content/uploads/publications/TheOtherSideOfTheCoin_FC16preConf.pdf}
}

@inproceedings{kosba2016hawk,
  title={Hawk: The blockchain model of cryptography and privacy-preserving smart contracts},
  author={Kosba, Ahmed and Miller, Andrew and Shi, Elaine and Wen, Zikai and Papamanthou, Charalampos},
  booktitle={Symposium on Security \& Privacy},
  publisher={IEEE},
  year={2016},
  url={http://eprint.iacr.org/2015/675.pdf},
}

@inproceedings{croman2016scaling,
  title={On Scaling Decentralized Blockchains},
  author={Croman, Kyle and Decker, Christian and Eyal, Ittay and Gencer, Adem Efe and Juels, Ari and Kosba, Ahmed and Miller, Andrew and Saxena, Prateek and Shi, Elaine and G{\"u}n, Emin},
  booktitle={3rd Workshop on Bitcoin and Blockchain Research, Financial Cryptography 16},
  year={2016},
  url={http://www.tik.ee.ethz.ch/file/74bc987e6ab4a8478c04950616612f69/main.pdf}
}

@inproceedings{bonneau2016ethiks,
  title={EthIKS: Using Ethereum to audit a CONIKS key transparency log},
  author={Bonneau, Joseph},
  booktitle={3rd Workshop on Bitcoin and Blockchain Research, Financial Cryptography 16},
  year={2016},
  url={http://fc16.ifca.ai/bitcoin/papers/Bon16a.pdf}
}

@inproceedings{vasek2016bitcoin,
  title={The Bitcoin Brain Drain: Examining the Use and Abuse of Bitcoin Brain Wallets},
  author={Marie Vasek and Joseph Bonneau and Ryan Castellucci and Cameron Keith and Tyler Moore},
  booktitle={FC '16: Proceedings of the the 20th International Conference on Financial Cryptography},
  month={February},
  year={2016},
  url={http://www.jbonneau.com/doc/VBCKM16-FC-bitcoin_brain_wallets.pdf},
}

@inproceedings{moeser2016bitcoin,
  title={Bitcoin Covenants},
  author={M{\"o}ser, Malte and Eyal, Ittay and Sirer, Emin G{\"u}n},
  booktitle={FC '16: Proceedings of the the 20th International Conference on Financial Cryptography},
  month={February},
  year={2016},
  url={http://fc16.ifca.ai/bitcoin/papers/MES16.pdf},
}

@inproceedings{schrijvers2016incentive,
	title={Incentive Compatibility of Bitcoin Mining Pool Reward Functions},
	author={Okke Schrijvers and Joseph Bonneau and Dan Boneh and Tim Roughgarden},
	booktitle={FC '16: Proceedings of the the 20th International Conference on Financial Cryptography},
	month={February},
	year={2016},
	url={http://www.jbonneau.com/doc/SBBR16-FC-mining_pool_reward_incentive_compatibility.pdf},
}

@inproceedings{nayak2015stubborn,
  title={Stubborn mining: Generalizing selfish mining and combining with an eclipse attack},
  author={Nayak, Kartik and Kumar, Srijan and Miller, Andrew and Shi, Elaine},
  booktitle={1st IEEE European Symposium on Security and Privacy, 2016},
  year={2016},
  publisher={IEEE},
  url={http://eprint.iacr.org/2015/796.pdf}
}

@inproceedings{eyal2016bitcoinng,
  author = {Eyal, Ittay and Gencer, Adem Efe and Sirer, Emin Gun and van Renesse, Robbert},
  title = {Bitcoin-NG: A Scalable Blockchain Protocol},
  booktitle = {13th USENIX Security Symposium on Networked Systems Design and Implementation (NSDI'16)},
  year = {2016},
  month = {Mar},
  publisher = {USENIX Association},
  url  = {http://www.usenix.org/system/files/conference/nsdi16/nsdi16-paper-eyal.pdf}
}

@inproceedings {kokoris2016enhancing,
  author = {Eleftherios Kokoris Kogias and Philipp Jovanovic and Nicolas Gailly and Ismail Khoffi and Linus Gasser and Bryan Ford},
  title = {Enhancing Bitcoin Security and Performance with Strong Consistency via Collective Signing},
  booktitle = {25th USENIX Security Symposium (USENIX Security 16)},
  year = {2016},
  month = Aug,
  address = {Austin, TX},
  url = {http://arxiv.org/pdf/1602.06997.pdf},
  publisher = {USENIX Association},
}

@inproceedings{kraft2016difficulty,
  title={Difficulty Control for Blockchain-Based Consensus Systems},
  author={Kraft, Daniel},
  booktitle ={Peer-to-Peer Networking and Applications},
  volume={9},
  number={2},
  pages={397--413},
  year={2016},
  doi={10.1007/s12083-015-0347-x},
  url={https://www.domob.eu/research/DifficultyControl.pdf},
}

@inproceedings{luu2016making,
  title={Making Smart Contracts Smarter},
  author={Luu, Loi and Chu, Duc-Hiep and Olickel, Hrishi and Saxena, Prateek and Hobor, Aquinas},
  booktitle = {23rd ACM Conference on Computer and Communications Security (ACM CCS 2016)},
  year={2016},
  month= {Oct},
  url={https://eprint.iacr.org/2016/633.pdf}
}

@inproceedings{idelberger2016evaluation,
  title={Evaluation of Logic-Based Smart Contracts for Blockchain Systems},
  author={Idelberger, Florian and Governatori, Guido and Riveret, R{\'e}gis and Sartor, Giovanni},
  booktitle={International Symposium on Rules and Rule Markup Languages for the Semantic Web},
  pages={167--183},
  year={2016},
  organization={Springer},
  url={https://regisriveretdotorg.files.wordpress.com/2015/11/smart_ruleml.pdf}
}

@inproceedings{kiayias2016fair,
  title={Fair and robust multi-party computation using a global transaction ledger},
  author={Kiayias, Aggelos and Zhou, Hong-Sheng and Zikas, Vassilis},
  booktitle={Annual International Conference on the Theory and Applications of Cryptographic Techniques},
  pages={705--734},
  year={2016},
  organization={Springer},
  url={https://eprint.iacr.org/2015/574.pdf}
}

@inproceedings{marino2016setting,
  title={Setting Standards for Altering and Undoing Smart Contracts},
  author={Marino, Bill and Juels, Ari},
  booktitle={International Symposium on Rules and Rule Markup Languages for the Semantic Web},
  pages={151--166},
  year={2016},
  organization={Springer},
  url={http://www.arijuels.com/wp-content/uploads/2016/06/Setting-Standards-for-Altering-and-Undoing-Smart-Contracts.docx}
}


@inproceedings{rasmussen2016bitcoin,
  title = {On Bitcoin Security in the Presence of Broken Cryptographic Primitives},
  author = {Giechaskiel, Ilias and Cremers, Cas and Rasmussen, Kasper B.},
  year = {2016},
  booktitle = {European Symposium on Research in Computer Security ({ESORICS})},
  month = {September},
  url={http://eprint.iacr.org/2016/167.pdf}
}

@inproceedings{tseng2016recent,
  title={Recent results on fault-tolerant consensus in message-passing networks},
  author={Tseng, Lewis},
  booktitle={International Colloquium on Structural Information and Communication Complexity},
  pages={92--108},
  year={2016},
  organization={Springer},
  url={https://arxiv.org/pdf/1608.07923.pdf}
}

@inproceedings{zhang2016secure,
  title={A Secure System For Pervasive Social Network-based Healthcare},
  author={Zhang, Jie and Xue, Nian and Huang, Xin},
  booktitle={IEEE Access},
  year={2016},
  month={Dec},
  organization={IEEE},
  url={http://ieeexplore.ieee.org/iel7/6287639/6514899/07801940.pdf}
}

@inproceedings{abeyratne2016blockchain,
  title={Blockchain ready manufacturing supply chain using distributed ledger},
  author={Abeyratne, Saveen A. and Monfared, Radmehr P.},
  volume={5},
  number={09},
  pages={1--10},
  year={2016},
  publisher={eSAT},
  url={http://esatjournals.net/ijret/2016v05/i09/IJRET20160509001.pdf}
}

@inproceedings{anceaume2016safety,
  title={Safety analysis of Bitcoin improvement proposals},
  author={Anceaume, Emmanuelle and Lajoie-Mazenc, Thibaut and Ludinard, Romaric and Sericola, Bruno},
  booktitle={Network Computing and Applications (NCA), 2016 IEEE 15th International Symposium on},
  pages={318--325},
  year={2016},
  organization={IEEE},
  url={http://www.irisa.fr/dionysos/pages_perso/sericola/PAPIERS/NCA16c.pdf}
}

@inproceedings{teutsch2016cryptocurrencies,
  title={When cryptocurrencies mine their own business},
  author={Teutsch, Jason and Jain, Sanjay and Saxena, Prateek},
  booktitle={Financial Cryptography and Data Security (FC 2016)},
  year={2016},
  month={Feb},
  url={http://www.comp.nus.edu.sg/~prateeks/papers/38Attack.pdf}
}

@inproceedings{luu2016secure,
  title={A secure sharding protocol for open blockchains},
  author={Luu, Loi and Narayanan, Viswesh and Zheng, Chaodong and Baweja, Kunal and Gilbert, Seth and Saxena, Prateek},
  booktitle={Proceedings of the 2016 ACM SIGSAC Conference on Computer and Communications Security},
  pages={17--30},
  year={2016},
  organization={ACM},
  url={http://www.comp.nus.edu.sg/~prateeks/papers/Elastico.pdf}
}

@inproceedings{bouzid2016anonymity,
  title={Anonymity-Preserving Failure Detectors},
  author={Bouzid, Zohir and Travers, Corentin},
  booktitle={International Symposium on Distributed Computing},
  pages={173--186},
  year={2016},
  organization={Springer},
  url={https://hal.archives-ouvertes.fr/hal-01344446/document}
}

@inproceedings{peters2016understanding,
  title={Understanding Modern Banking Ledgers through Blockchain Technologies: Future of Transaction Processing and Smart Contracts on the Internet of Money},
  author={Peters, Gareth W and Panayi, Efstathios},
  booktitle={Banking Beyond Banks and Money},
  pages={239--278},
  year={2016},
  publisher={Springer},
  url={https://pdfs.semanticscholar.org/0a84/a077ada2acb6918e7764fafcd28f667dae28.pdf}
}

@phdthesis{gupta2016non,
  title={A Non-Consensus Based Decentralized Financial Transaction Processing Model with Support for Efficient Auditing},
  author={Gupta, Saurabh},
  year={2016},
  school={Arizona State University},
  url={https://repository.asu.edu/attachments/172765/content/Gupta_asu_0010N_16201.pdf}
}

@inproceedings{milutinovic2016proof,
 author = {Milutinovic, Mitar and He, Warren and Wu, Howard and Kanwal, Maxinder},
 title = {Proof of Luck: An Efficient Blockchain Consensus Protocol},
 booktitle = {SysTEX '16 Proceedings of the 1st Workshop on System Software for Trusted Execution},
 year = {2016},
 location = {Trento, Italy},
 pages = {2:1--2:6},
 publisher = {ACM},
 url={http://eprint.iacr.org/2017/249.pdf}
} 

@phdthesis{oja2016calculating,
  title={Calculating the return on security investment of recording X-Road and Estonian electronic identity software into blockchain},
  author={Oja, Rauno and others},
  year={2016},
  school={Tartu {\"U}likool},
  url={http://dspace.ut.ee/bitstream/handle/10062/52269/oja_rauno.pdf}
}

@inproceedings{yli2016current,
  title={Where Is Current Research on Blockchain Technology? -- A Systematic Review},
  author={Yli-Huumo, Jesse and Ko, Deokyoon and Choi, Sujin and Park, Sooyong and Smolander, Kari},
  journal={PloS one},
  volume={11},
  number={10},
  pages={e0163477},
  year={2016},
  publisher={Public Library of Science},
  url={https://www.researchgate.net/profile/Jesse_Yli-Huumo/publication/308877750_Where_Is_Current_Research_on_Blockchain_Technology-A_Systematic_Review/links/57f4a87208ae91deaa5ae601/Where-Is-Current-Research-on-Blockchain-Technology-A-Systematic-Review.pdf}
}

@inproceedings{burdges2016enabling,
  title={Enabling Secure Web Payments with GNU Taler},
  author={Burdges, Jeffrey and Dold, Florian and Grothoff, Christian and Stanisci, Marcello},
  booktitle={International Conference on Security, Privacy, and Applied Cryptography Engineering},
  pages={251--270},
  year={2016},
  organization={Springer},
  url={https://taler.net/papers/taler2016space.pdf}
}

@inproceedings{zhang2016town,
  title={Town Crier: An Authenticated Data Feed for Smart Contracts},
  author={Zhang, Fan and Cecchetti, Ethan and Croman, Kyle and Juels, Ari and Shi, Elaine},
  booktitle={Proceedings of the 2016 ACM SIGSAC Conference on Computer and Communications Security},
  pages={270--282},
  year={2016},
  organization={ACM},
  url={https://eprint.iacr.org/2016/168.pdf}
} 
 @inproceedings{carlsten2016instability,
  title={On the instability of bitcoin without the block reward},
  author={Carlsten, Miles and Kalodner, Harry and Weinberg, S Matthew and Narayanan, Arvind},
  booktitle={Proceedings of the 2016 ACM SIGSAC Conference on Computer and Communications Security},
  pages={154--167},
  year={2016},
  organization={ACM}

}

@inproceedings{natoli2016blockchain,
  title={The blockchain anomaly},
  author={Natoli, Christopher and Gramoli, Vincent},
  booktitle={Network Computing and Applications (NCA), 2016 IEEE 15th International Symposium on},
  pages={310--317},
  year={2016},
  organization={IEEE},
  url={https://arxiv.org/pdf/1605.05438.pdf}
}

% 2017

@inproceedings{ohara2017smart,
  title={Smart Contracts-Dumb Idea},
  author={O'Hara, Kieron},
  booktitle={IEEE Internet Computing},
  volume={21},
  number={2},
  pages={97--101},
  year={2017},
  publisher={IEEE},
  url = {http://ieeexplore.ieee.org/iel7/4236/7867713/07867719.pdf}
}

@inproceedings{levy2017book,
  title={Book-Smart, Not Street-Smart: Blockchain-Based Smart Contracts and The Social Workings of Law},
  author={Levy, Karen EC},
  booktitle={Engaging Science, Technology, and Society},
  volume={3},
  pages={1--15},
  year={2017},
  url={http://estsjournal.org/article/download/107/61.pdf}
}

@inproceedings{ruffing2017p2p,
	author = {Ruffing, Tim and Moreno-Sanchez, Pedro and Kate, Aniket},
	booktitle = {NDSS'17},
	title = {P2P Mixing and Unlinkable Bitcoin Transactions},
	year = {2017},
        url={https://crypsys.mmci.uni-saarland.de/projects/FastDC/paper.pdf}
}

@phdthesis{stoffers2017trustworthy,
  title={Trustworthy Provenance Recording using a blockchain-like database},
  author={Stoffers, Martin},
  year={2017},
  school={Leipzig University},
  url={http://elib.dlr.de/111772/1/thesis.pdf}
}

@inproceedings{dorri2017blockchain,
  title={Blockchain for IoT security and privacy: The case study of a smart home},
  author={Dorri, Ali and Kanhere, Salil S and Jurdak, Raja and Gauravaram, Praveen},
  booktitle={Pervasive Computing and Communications Workshops (PerCom Workshops), 2017 IEEE International Conference on},
  pages={618--623},
  year={2017},
  organization={IEEE},
  url={https://www.researchgate.net/profile/Ali_Dorri5/publication/312218574_Blockchain_for_IoT_Security_and_Privacy_The_Case_Study_of_a_Smart_Home/links/5877309508ae329d6226e96f/Blockchain-for-IoT-Security-and-Privacy-The-Case-Study-of-a-Smart-Home.pdf}
}

@inproceedings{gaetani2017blockchain,
  title={Blockchain-based database to ensure data integrity in cloud computing environments},
  author={Gaetani, Edoardo and Aniello, Leonardo and Baldoni, Roberto and Lombardi, Federico and Margheri, Andrea and Sassone, Vladimiro},
  journal={ITA-SEC. CEUR-WS. org, To Appear},
  year={2017},
  url={http://ceur-ws.org/Vol-1816/paper-15.pdf}
}

@inproceedings{sikorski2017blockchain,
  title={Blockchain technology in the chemical industry: machine-to-machine electricity market},
  author={Sikorski, Janusz J and Haughton, Joy and Kraft, Markus},
  booktitle={Applied Energy},
  volume={195},
  pages={234--246},
  year={2017},
  publisher={Elsevier},
  url={https://como.cheng.cam.ac.uk/preprints/c4e-Preprint-178.pdf}
}

@inproceedings{verma2017blockchain,
  title={A blockchain based architecture for asset management in coalition operations},
  author={Verma, Dinesh and Desai, Nirmit and Preece, Alun and Taylor, Ian},
  booktitle={SPIE Defense+ Security},
  pages={101900Y--101900Y},
  year={2017},
  organization={International Society for Optics and Photonics},
  url={http://orca.cf.ac.uk/99880/1/Block-Chain-Coalitions-v03.pdf}
}

@inproceedings{crain2017blockchain,
  title={Blockchain Consensus},
  author={Crain, Tyler and Gramoli, Vincent and Larrea, Mikel and Raynal, Michel},
  booktitle={ALGOTEL 2017-19{\`e}mes Rencontres Francophones sur les Aspects Algorithmiques des T{\'e}l{\'e}communications},
  year={2017},
  url={https://hal.inria.fr/hal-01518743/document}
}

@inproceedings{liang2017provchain,
  title={ProvChain: A Blockchain-based Data Provenance Architecture in Cloud Environment with Enhanced Privacy and Availability},
  author={Liang, Xueping and Shetty, Sachin and Tosh, Deepak and Kamhoua, Charles and Kwiat, Kevin and Njilla, Laurent},
  booktitle={International Symposium on Cluster, Cloud and Grid Computing, IEEE/ACM},
  year={2017},
  url={https://www.cse.unr.edu/~toshd/assets/provchain.pdf}
}

@inproceedings{lindman2017opportunities,
  title={Opportunities and Risks of Blockchain Technologies--A Research Agenda},
  author={Lindman, Juho and Tuunainen, Virpi Kristiina and Rossi, Matti},
  booktitle={Proceedings of the 50th Hawaii International Conference on System Sciences},
  year={2017},
  url={http://scholarspace.manoa.hawaii.edu/bitstream/10125/41338/1/paper0189.pdf}
}

@inproceedings{kothapalli2017smartcast,
  title={SmartCast: An Incentive Compatible Consensus Protocol Using Smart Contracts},
  author={Kothapalli, Abhiram and Miller, Andrew and Borisov, Nikita},
  booktitle={Financial Cryptography and Data Security},
  year={2017},
  month={Apr},
  url={http://fc17.ifca.ai/wtsc/SmartCast%20-%20An%20Incentive%20Compatible%20Consensus%20Protocol%20Using%20Smart%20Contracts.pdf}
}

@inproceedings{gipp2017cryptsubmit,
  title={CryptSubmit: Introducing Securely Timestamped Manuscript Submission and Peer Review Feedback using the Blockchain},
  author={Gipp, Bela and Breitinger, Corinna and Meuschke, Norman and Beel, Joeran},
  booktitle={JVDL},
  year={2017},
  url={https://www.gipp.com/wp-content/papercite-data/pdf/gipp2017b.pdf}
}

@inproceedings{zhang2017publish,
  title={Publish or Perish: A Backward-Compatible Defense against Selfish Mining in Bitcoin},
  author={Zhang, Ren and Preneel, Bart},
  booktitle={Cryptographers' Track at the RSA Conference},
  pages={277--292},
  year={2017},
  organization={Springer},
  url={https://securewww.esat.kuleuven.be/cosic/publications/article-2746.pdf}
}

@inproceedings{rohrer17paymentchannels,
Title = {Towards a Concurrent and Distributed Route Selection for Payment Channel Networks},
Author = {Elias Rohrer and Jann-Frederik La{\ss} and Florian Tschorsch},
    booktitle = {CBT'17: Proceedings of the International Workshop on Cryptocurrencies and Blockchain Technology},
    year = {2017},
    month = {Sep},
    url={https://arxiv.org/pdf/1708.02419.pdf}
}

@inproceedings{judmayer2017merged,
    author = {Aljosha Judmayer and Alexei Zamyatin and Nicholas Stifter and Artemios G. Voyiatzis and Edgar Weippl},
    title = {Merged Mining: Curse or Cure?},
    booktitle = {CBT'17: Proceedings of the International Workshop on Cryptocurrencies and Blockchain Technology},
    year = {2017},
    month = {Sep},
    url = {https://eprint.iacr.org/2017/791.pdf}
}

@inproceedings{mccorry2017atomically,
  title={Atomically Trading with Roger: Gambling on the success of a hardfork},
  author={McCorry, Patrick and Heilman, Ethan and Miller, Andrew},
  booktitle = {CBT'17: Proceedings of the International Workshop on Cryptocurrencies and Blockchain Technology},
  year={2017},
  month = {Sep},
  url = {http://homepages.cs.ncl.ac.uk/patrick.mc-corry/atomically-trading-roger.pdf}
}

@inproceedings{halpern2017knowledge,
Author = {Joseph Y. Halpern and Rafael Pass},
Title = {A Knowledge-Based Analysis of the Blockchain Protocol},
Year = {2017},
booktitle = {Proceedings Sixteenth Conference on Theoretical Aspects of Rationality and Knowledge, {TARK} 2017, Liverpool, UK, 24-26 July 2017.},
pages     = {324--335},
url={https://arxiv.org/pdf/1707.08751.pdf}
}

@inproceedings{grumbach2017distributed,
Author = {St{\' e}phane Grumbach and Robert Riemann},
Title = {Distributed Random Process for a Large-Scale Peer-to-Peer Lottery},
Year = {2017},
month = {Sep},
booktitle = { Proc. of 17th IFIP Distributed
  Applications and Interoperable Systems, Jun 2017, Neuch{\^a}tel, Switzerland.
  Springer, 10320, pp.34-48, 2017, LNCS - Lecture Notes in Computer Science},
url={https://arxiv.org/pdf/1709.05122.pdf}
}

@inproceedings{eberhardt2017on,
  title={On or Off the Blockchain? Insights on Off-Chaining Computation and Data},
  author={Eberhardt, Jacob and Tai, Stefan},
  booktitle={European Conference on Service-Oriented and Cloud Computing},
  pages={3--15},
  year={2017},
  organization={Springer},
url={http://www.ise.tu-berlin.de/fileadmin/fg308/publications/2017/2017-eberhardt-tai-offchaining-patterns.pdf}
}

@inproceedings{troncoso2017systematizing,
  title={Systematizing Decentralization and Privacy: Lessons from 15 years of research and deployments},
  author={Troncoso, Carmela and Danezis, George and Isaakidis, Marios and Halpin, Harry},
  booktitle={Proceedings on Privacy Enhancing Technologies},
  year={2017},
  pages={307--329},
  url={https://petsymposium.org/2017/papers/issue4/paper87-2017-4-source.pdf}
}

@inproceedings{moreno2017pathshuffle,
  title={PathShuffle: Credit Mixing and Anonymous Payments for Ripple},
  author={Moreno-Sanchez, Pedro and Ruffing, Tim and Kate, Aniket},
  journal={Proceedings on Privacy Enhancing Technologies},
  volume={1},
  pages={20},
  year={2017},
  url={https://petsymposium.org/2017/papers/issue3/paper21-2017-3-source.pdf}
}

@inproceedings{xu2017taxonomy,
  title={A Taxonomy of Blockchain-Based Systems for Architecture Design},
  author={Xu, Xiwei and Weber, Ingo and Staples, Mark and Zhu, Liming and Bosch, Jan and Bass, Len and Pautasso, Cesare and Rimba, Paul},
  booktitle={Software Architecture (ICSA), 2017 IEEE International Conference on},
  pages={243--252},
  year={2017},
  organization={IEEE},
  url={http://design.inf.usi.ch/sites/default/files/biblio/icsa2017-blockchain.pdf}
}

@article{neiger1994distributed,
  title={Distributed consensus revisited},
  author={Neiger, Gil},
  journal={Information processing letters},
  volume={49},
  number={4},
  pages={195--201},
  year={1994},
  publisher={Elsevier},
  url={https://smartech.gatech.edu/bitstream/handle/1853/6776/GIT-CC-93-45.pdf}
}

@inproceedings{frowis2017code,
  title={In Code We Trust?},
  author={Fr{\"o}wis, Michael and B{\"o}hme, Rainer},
  booktitle={Data Privacy Management, Cryptocurrencies and Blockchain Technology},
  pages={357--372},
  year={2017},
  publisher={Springer},
  url={http://informationsecurity.uibk.ac.at/pdfs/FB2017-Ethereum-CallGraph-CBT.pdf}
}

@inproceedings{delgado2017fair,
  title={A fair protocol for data trading based on Bitcoin transactions},
  author={Delgado-Segura, Sergi and P{\'e}rez-Sol{\`a}, Cristina and Navarro-Arribas, Guillermo and Herrera-Joancomart{\'\i}, Jordi},
  journal={Future Generation Computer Systems},
  year={2017},
  publisher={Elsevier},
  url={https://eprint.iacr.org/2017/1018.pdf}
}

@inproceedings{narayanan2017bitcoin,
 author = {Narayanan, Arvind and Clark, Jeremy},
 title = {Bitcoin's Academic Pedigree},
 journal = {Queue},
 volume = {15},
 number = {4},
 month = {aug},
 year = {2017},
 issn = {1542-7730},
 pages = {20:20--20:49},
 numpages = {30},
 url = {http://doi.acm.org/10.1145/3134434.3136559},
 doi = {10.1145/3134434.3136559},
 publisher = {ACM},
 address = {New York, NY, USA},
} 

@inproceedings{buenz2017proofs,
 author = {Benedikt B{\" u}nz and Steven Goldfeder and Joseph Bonneau},
 title = {Proofs-of-delay and randomness beacons in Ethereum},
 journal = {IEEE Security & Privacy on the Blockchain (IEEE S&B)},
 year = {2017},
 url = {http://www.jbonneau.com/doc/BGB17-IEEESB-proof_of_delay_ethereum.pdf}
}

@inproceedings{oconnor2017simplicity,
 Author = {Russell O'Connor},
 Title = {Simplicity: A New Language for Blockchains},
 Year = {2017},
 journal = {Proceedings of the 2017 Workshop on Programming Languages and Analysis for Security. ACM, New York, NY, USA},
 Doi = {10.1145/3139337.3139340},
 url={https://arxiv.org/pdf/1711.03028.pdf}
}

@inproceedings{juels2016ring,
  title={The ring of Gyges: Investigating the future of criminal smart contracts},
  author={Juels, Ari and Kosba, Ahmed and Shi, Elaine},
  booktitle={Proceedings of the 2016 ACM SIGSAC Conference on Computer and Communications Security},
  pages={283--295},
  year={2016},
  organization={ACM},
  url={http://www.arijuels.com/wp-content/uploads/2013/09/Gyges.pdf}
}

@inproceedings{abraham2017blockchain,
  title={The Blockchain Consensus Layer and BFT},
  author={Abraham, Ittai and Malkhi, Dahlia and others},
  journal={Bulletin of EATCS},
  volume={3},
  number={123},
  year={2017},
  url ={http://bulletin.eatcs.org/index.php/beatcs/article/download/506/495.pdf}
}

% 2018 
@inproceedings{pirlea2018mechanising,
 author = {P{\^ i}rlea, George and Sergey, Ilya},
 title = {Mechanising Blockchain Consensus},
 journal = {Proceedings of the 7th ACM SIGPLAN International Conference on Certified Programs and Proofs},
 series = {CPP 2018},
 year = {2018},
 pages = {78--90},
 url = {http://ilyasergey.net/papers/toychain-cpp18.pdf}
}

@inproceedings{golomb2018ciota,
Author = {Tomer Golomb and Yisroel Mirsky and Yuval Elovici},
Title = {CIoTA: Collaborative IoT Anomaly Detection via Blockchain},
Year = {2018},
journal = {Workshop on Decentralized IoT Security and Standards (DISS)},
url ={https://arxiv.org/pdf/1803.03807.pdf}
}

@inproceedings{zamyatin2018wild,
  title={{(Short Paper) A Wild Velvet Fork Appears! Inclusive Blockchain Protocol Changes in Practice}},
  author={Zamyatin, Alexei and Stifter, Nicholas and Judmayer, Aljosha and Schindler, Philipp and Weippl, Edgar and Knottebelt, William J.},
  booktitle={5th Workshop on Bitcoin and Blockchain Research, Financial Cryptography and Data Security 18 (FC). Springer},
  year={2018},
  url={https://eprint.iacr.org/2018/087.pdf}
}
@inproceedings{gencer2018decentralization,
  title={Decentralization in Bitcoin and Ethereum Networks},
  author={Gencer, Adem Efe and Basu, Soumya and Eyal, Ittay and van Renesse, Robbert and Sirer, Emin G{\"u}n},
  booktitle={Proceedings of the 22nd International Conference on Financial Cryptography and Data Security (FC). Springer},
  year={2018},
  url = {http://fc18.ifca.ai/preproceedings/75.pdf}
  }

@inproceedings{huang2018estimating,
  title={Short Paper: Estimating Profitability of Alternative Cryptocurrencies},
  author={Huang, Danny Yuxing and Levchenko, Kirill and Snoeren, Alex C},
  booktitle={Proceedings of the 22nd International Conference on Financial Cryptography and Data Security (FC). Springer},
  year={2018},
  url = {http://fc18.ifca.ai/preproceedings/12.pdf}
  }

@inproceedings{matzutt2018quantitative,
  title={A Quantitative Analysis of the Impact of Arbitrary Blockchain Content on Bitcoin},
  author={Matzutt, Roman and Hiller, Jens and Henze, Martin and Ziegeldorf, Jan Henrik and M{\"u}llmann, Dirk and Hohlfeld, Oliver and Wehrle, Klaus},
  booktitle={Proceedings of the 22nd International Conference on Financial Cryptography and Data Security (FC). Springer},
  year={2018},
  url = {http://fc18.ifca.ai/preproceedings/6.pdf}
}
@inproceedings{zhang2018anonymous,
  title={Anonymous Post-Quantum Cryptocash},
  author={Zhang, Huang and Zhang, Fangguo and Tian, Haibo and Au, Man Ho},
  booktitle={Proceedings of the 22nd International Conference on Financial Cryptography and Data Security (FC). Springer},
  year={2018},
  url = {http://fc18.ifca.ai/preproceedings/16.pdf}
}
@inproceedings{park2018spacemint,
  title={SpaceMint: A Cryptocurrency Based on Proofs of Space},
  author={Park, Sunoo and Kwon, Alber and Fuchbauer, Georg and Gazi, Peter and Alwen, J{\"o}el and Pietrzak, Krzysztof},
  booktitle={Proceedings of the 22nd International Conference on Financial Cryptography and Data Security (FC). Springer},
  year={2018},
  url = {http://fc18.ifca.ai/preproceedings/78.pdf}
}
@inproceedings{david2018kaleidoscope,
  title={Kaleidoscope: An Efficient Poker Protocol with Payment Distribution and Penalty Enforcement},
  author={David, Bernardo and Dowsley, Rafael and Larangeira, Mario},
  booktitle={Proceedings of the 22nd International Conference on Financial Cryptography and Data Security (FC). Springer},
  year={2018},
  url = {http://fc18.ifca.ai/preproceedings/19.pdf}
}
@inproceedings{mavridou2018designing,
  title={Designing Secure Ethereum Smart Contracts: A Finite State Machine Based Approach},
  author={Mavridou, Anastasia and Laszka, Aron},
  booktitle={Proceedings of the 22nd International Conference on Financial Cryptography and Data Security (FC). Springer},
  year={2018},
  url = {http://fc18.ifca.ai/preproceedings/101.pdf}
}
@inproceedings{atzei2018formal,
  title={A formal model of Bitcoin transactions},
  author={Atzei, Nicola and Bartoletti, Massimo and Lande, Stefano and Zunino, Roberto},
  booktitle={Proceedings of the 22nd International Conference on Financial Cryptography and Data Security (FC). Springer},
  year={2018},
  url = {http://fc18.ifca.ai/preproceedings/92.pdf}
}
@inproceedings{mccorry2018smart,
  title={Smart Contracts for Bribing Miners},
  author={McCorry, Patrick and Hicks, Alexander and Meiklejohn, Sarah},
  booktitle={5th Workshop on Bitcoin and Blockchain Research, Financial Cryptography and Data Security 18 (FC). Springer},
  year={2018},
  url = {http://fc18.ifca.ai/bitcoin/papers/bitcoin18-final14.pdf}
}
@inproceedings{bowe2018multi,
  title={A multi-party protocol for constructing the public parameters of the Pinocchio zk-SNARK},
  author={Bowe, Sean and Gabizon, Ariel and Green, Matthew D},
  booktitle={5th Workshop on Bitcoin and Blockchain Research, Financial Cryptography and Data Security 18 (FC). Springer},
  year={2018},
  url = {http://fc18.ifca.ai/bitcoin/papers/bitcoin18-full1.pdf}
}
@inproceedings{zhang2018paralysis,
  title={Paralysis Proofs: Safe Access-Structure Updates for Cryptocurrencies and More},
  author={Zhang, Fan and Daian, Philip and Bentov, Iddo and Juels, Ari},
  booktitle={5th Workshop on Bitcoin and Blockchain Research, Financial Cryptography and Data Security 18 (FC). Springer},
  year={2018},
  url = {http://fc18.ifca.ai/bitcoin/papers/bitcoin18-final20.pdf}
}
@inproceedings{vasek2018analyzing,
  title={Analyzing the Bitcoin Ponzi Scheme Ecosystem},
  author={Vasek, Marie and Moore, Tyler},
  booktitle={5th Workshop on Bitcoin and Blockchain Research, Financial Cryptography and Data Security 18 (FC). Springer},
  year={2018},
  url = {http://fc18.ifca.ai/bitcoin/papers/bitcoin18-final11.pdf}
}
@inproceedings{chepurnoy2018systematic,
  title={A Systematic Approach To Cryptocurrency Fees},
  author={Chepurnoy, Alexander and Kharin, Vasily and Meshkov, Dmitry},
  booktitle={5th Workshop on Bitcoin and Blockchain Research, Financial Cryptography and Data Security 18 (FC). Springer},
  year={2018},
  url = {http://fc18.ifca.ai/bitcoin/papers/bitcoin18-final18.pdf}
}
@inproceedings{azouvi2018egalitarian,
  title={Egalitarian Society or Benevolent Dictatorship: The State of Cryptocurrency Governance},
  author={Azouvi, Sarah and Maller, Mary and Meiklejohn, Sarah},
  booktitle={5th Workshop on Bitcoin and Blockchain Research, Financial Cryptography and Data Security 18 (FC). Springer},
  year={2018},
  url = {http://fc18.ifca.ai/bitcoin/papers/bitcoin18-final13.pdf}
}
@inproceedings{bonneau2018hostile,
  title={Hostile blockchain takeovers (short paper)},
  author={Bonneau, Joseph},
  booktitle={5th Workshop on Bitcoin and Blockchain Research, Financial Cryptography and Data Security 18 (FC). Springer},
  year={2018},
  url = {http://fc18.ifca.ai/bitcoin/papers/bitcoin18-final17.pdf}
}
@inproceedings{delgado2018analysis,
  title={Analysis of the Bitcoin UTXO set},
  author={Delgado-Segura, Sergi and P{\'e}rez-Sola, Cristina and Navarro-Arribas, Guillermo and Herrera-Joancomart{\i}, Jordi},
  booktitle={5th Workshop on Bitcoin and Blockchain Research, Financial Cryptography and Data Security 18 (FC). Springer},
  year={2018},
  url = {http://fc18.ifca.ai/bitcoin/papers/bitcoin18-final6.pdf}
}
@inproceedings{grundmann2018exploiting,
  title={Exploiting Transaction Accumulation and Double Spends for Topology Inference in Bitcoin},
  author={Grundmann, Matthias and Neudecker, Till and Hartenstein, Hannes},
  booktitle={5th Workshop on Bitcoin and Blockchain Research, Financial Cryptography and Data Security 18 (FC). Springer},
  year={2018},
  url = {http://fc18.ifca.ai/bitcoin/papers/bitcoin18-final10.pdf}
}
@article{gatteschi2018blockchain,
  title={Blockchain and Smart Contracts for Insurance: Is the Technology Mature Enough?},
  author={Gatteschi, Valentina and Lamberti, Fabrizio and Demartini, Claudio and Pranteda, Chiara and Santamar{\'\i}a, V{\'\i}ctor},
  journal={Future Internet},
  volume={10},
  number={2},
  pages={20},
  year={2018},
  publisher={Multidisciplinary Digital Publishing Institute},
  url = {http://www.mdpi.com/1999-5903/10/2/20/pdf}
}
@article{8338007, 
author={Gatteschi, Valentina and Lamberti, Fabrizio and Demartini, Claudio and Pranteda, Chiara and Santamar{\'\i}a, V{\'\i}ctor}, 
journal={IT Professional}, 
title={To Blockchain or Not to Blockchain: That Is the Question}, 
year={2018}, 
volume={20}, 
number={2}, 
pages={62-74}, 
keywords={Bitcoin;Blockchain;Cryptocurrency;Financial management;Insurance;bitcoin;blockchain;blockchain and insurance;cryptocurrency;financial technologies;fintech;insurance;smart contracts}, 
doi={10.1109/MITP.2018.021921652}, 
ISSN={1520-9202}, 
month={Mar},
url = {https://ieeexplore.ieee.org/document/8338007/}
}
